,price,name_qnt,price_per_qnt,category,name_qnt_pairs,is_pair,qnt,name
0,Your Price $7.99 each,Coca-Cola Soda Pop Classic - 12-12 Fl. Oz.,($0.06 / Fl.oz),beverages,"('Coca Cola Soda Pop Classic', '12-12 Fl. Oz.')",True,12-12 Fl. Oz.,Coca Cola Soda Pop Classic
1,Your Price $4.00 each,LaCroix Sparkling Water Orange - 8-12 Oz,($0.04 / Fl.oz),beverages,"('LaCroix Sparkling Water Orange  ', '8-12 Oz')",True,8-12 Oz,LaCroix Sparkling Water Orange  
2,Your Price $7.99 each,Diet Coke Soda Pop Cola 12 Count - 12 Fl. Oz.,($0.06 / Fl.oz),beverages,"('Diet Coke Soda Pop Cola 12 Count ', ' 12 Fl. Oz.')",True, 12 Fl. Oz.,Diet Coke Soda Pop Cola 12 Count 
3,Your Price $7.99 each,Pepsi Soda Cola - 12-12 Fl. Oz.,($0.06 / Fl.oz),beverages,"('Pepsi Soda Cola  ', '12-12 Fl. Oz.')",True,12-12 Fl. Oz.,Pepsi Soda Cola  
4,Your Price $7.99 each,Coca-Cola Zero Sugar Soda Fridge Pack Cans - 12-12 Fl. Oz.,($0.06 / Fl.oz),beverages,"('Coca Cola Zero Sugar Soda Fridge Pack Cans', '12-12 Fl. Oz.')",True,12-12 Fl. Oz.,Coca Cola Zero Sugar Soda Fridge Pack Cans
5,Your Price $7.99 each,Pepsi Diet Soda - 12-12 Fl. Oz.,($0.06 / Fl.oz),beverages,"('Pepsi Diet Soda  ', '12-12 Fl. Oz.')",True,12-12 Fl. Oz.,Pepsi Diet Soda  
6,Your Price $13.99 each,Coca-Cola Soda Pop Classic - 24-12 Fl. Oz.,($0.05 / Fl.oz),beverages,"('Coca Cola Soda Pop Classic', '24-12 Fl. Oz.')",True,24-12 Fl. Oz.,Coca Cola Soda Pop Classic
7,Your Price $7.99 each,Canada Dry Ginger Ale Caffeine Free - 12-12 Fl. Oz.,($0.06 / Fl.oz),beverages,"('Canada Dry Ginger Ale Caffeine Free  ', '12-12 Fl. Oz.')",True,12-12 Fl. Oz.,Canada Dry Ginger Ale Caffeine Free  
8,Your Price $7.99 each,Sprite Soda Pop Lemon Lime Pack In Cans - 12-12 Fl. Oz.,($0.06 / Fl.oz),beverages,"('Sprite Soda Pop Lemon Lime Pack In Cans  ', '12-12 Fl. Oz.')",True,12-12 Fl. Oz.,Sprite Soda Pop Lemon Lime Pack In Cans  
9,Your Price $5.69 each,Coca-Cola Soda Pop Classic - 6-16.9 Fl. Oz.,($0.06 / Fl.oz),beverages,"('Coca Cola Soda Pop Classic', '6-16.9 Fl. Oz.')",True,6-16.9 Fl. Oz.,Coca Cola Soda Pop Classic
10,Your Price $7.99 each,Dr Pepper Soda Fridge Pack - 12 - 12 Oz.,($0.06 / Fl.oz),beverages,"('Dr Pepper Soda Fridge Pack  ', '12-12 Oz.')",True,12-12 Oz.,Dr Pepper Soda Fridge Pack  
11,Your Price $5.69 each,Diet Coke Soda Pop Cola 6 Count - 16.9 Fl. Oz.,($0.06 / Fl.oz),beverages,"('Diet Coke Soda Pop Cola 6 Count ', ' 16.9 Fl. Oz.')",True, 16.9 Fl. Oz.,Diet Coke Soda Pop Cola 6 Count 
12,Your Price $13.99 each,Pepsi Soda Cola - 24-12 Fl. Oz.,($0.05 / Fl.oz),beverages,"('Pepsi Soda Cola  ', '24-12 Fl. Oz.')",True,24-12 Fl. Oz.,Pepsi Soda Cola  
13,Your Price $7.99 each,Coca-Cola Soda Pop Cherry Zero Sugar - 12-12 Fl. Oz.,($0.06 / Fl.oz),beverages,"('Coca Cola Soda Pop Cherry Zero Sugar', '12-12 Fl. Oz.')",True,12-12 Fl. Oz.,Coca Cola Soda Pop Cherry Zero Sugar
14,Your Price $7.99 each,Mtn Dew Soda Original - 12-12 Fl. Oz.,($0.06 / Fl.oz),beverages,"('Mtn Dew Soda Original  ', '12-12 Fl. Oz.')",True,12-12 Fl. Oz.,Mtn Dew Soda Original  
15,Your Price $5.69 each,Pepsi Soda Diet - 6-16.9 Fl. Oz.,($0.06 / Fl.oz),beverages,"('Pepsi Soda Diet  ', '6-16.9 Fl. Oz.')",True,6-16.9 Fl. Oz.,Pepsi Soda Diet  
16,Your Price $7.99 each,Pepsi Soda Cola Wild Cherry - 12-12 Fl. Oz.,($0.06 / Fl.oz),beverages,"('Pepsi Soda Cola Wild Cherry  ', '12-12 Fl. Oz.')",True,12-12 Fl. Oz.,Pepsi Soda Cola Wild Cherry  
17,Your Price $7.99 each,Pepsi Soda Throwback - 12-12 Fl. Oz.,($0.06 / Fl.oz),beverages,"('Pepsi Soda Throwback  ', '12-12 Fl. Oz.')",True,12-12 Fl. Oz.,Pepsi Soda Throwback  
18,Your Price $7.29 each,Coca-Cola Soda Pop Classic - 8-12 Fl. Oz.,($0.08 / Fl.oz),beverages,"('Coca Cola Soda Pop Classic', '8-12 Fl. Oz.')",True,8-12 Fl. Oz.,Coca Cola Soda Pop Classic
19,Your Price $7.99 each,Coca-Cola Soda Pop Flavored Cherry - 12-12 Fl. Oz.,($0.06 / Fl.oz),beverages,"('Coca Cola Soda Pop Flavored Cherry', '12-12 Fl. Oz.')",True,12-12 Fl. Oz.,Coca Cola Soda Pop Flavored Cherry
20,Your Price $2.99 each,Coca-Cola Soda Pop Classic - 2 Liter,($0.04 / Fl.oz),beverages,"('Coca Cola Soda Pop Classic', '2 Liter')",True,2 Liter,Coca Cola Soda Pop Classic
21,Your Price $5.69 each,Pepsi Soda Cola - 6-16.9 Fl. Oz.,($0.06 / Fl.oz),beverages,"('Pepsi Soda Cola  ', '6-16.9 Fl. Oz.')",True,6-16.9 Fl. Oz.,Pepsi Soda Cola  
22,Your Price $7.99 each,Pepsi Soda Cola Zero Sugar Cans - 12-12 Fl. Oz.,($0.06 / Fl.oz),beverages,"('Pepsi Soda Cola Zero Sugar Cans  ', '12-12 Fl. Oz.')",True,12-12 Fl. Oz.,Pepsi Soda Cola Zero Sugar Cans  
23,Your Price $6.69 each,Coca-Cola Soda Pop Classic - 10-7.5 Fl. Oz.,($0.09 / Fl.oz),beverages,"('Coca Cola Soda Pop Classic', '10-7.5 Fl. Oz.')",True,10-7.5 Fl. Oz.,Coca Cola Soda Pop Classic
24,Your Price $13.99 each,Diet Coke Soda Pop Cola 24 Count - 12 Fl. Oz.,($0.05 / Fl.oz),beverages,"('Diet Coke Soda Pop Cola 24 Count ', ' 12 Fl. Oz.')",True, 12 Fl. Oz.,Diet Coke Soda Pop Cola 24 Count 
25,Your Price $7.99 each,A&W Root Beer Soda In Can - 12-12 Fl. Oz.,($0.06 / Fl.oz),beverages,"('A&W Root Beer Soda In Can  ', '12-12 Fl. Oz.')",True,12-12 Fl. Oz.,A&W Root Beer Soda In Can  
26,Your Price $7.99 each,Barqs Soda Pop Root Beer - 12-12 Fl. Oz.,($0.06 / Fl.oz),beverages,"('Barqs Soda Pop Root Beer  ', '12-12 Fl. Oz.')",True,12-12 Fl. Oz.,Barqs Soda Pop Root Beer  
27,Your Price $7.29 each,Diet Coke Soda Pop Cola 8 Count - 12 Fl. Oz.,($0.08 / Fl.oz),beverages,"('Diet Coke Soda Pop Cola 8 Count ', ' 12 Fl. Oz.')",True, 12 Fl. Oz.,Diet Coke Soda Pop Cola 8 Count 
28,Your Price $7.99 each,7UP Lemon Lime Soda In Can - 12-12 Fl. Oz.,($0.06 / Fl.oz),beverages,"('7UP Lemon Lime Soda In Can  ', '12-12 Fl. Oz.')",True,12-12 Fl. Oz.,7UP Lemon Lime Soda In Can  
29,Your Price $4.79 each,Simply Orange Juice Pulp Free - 52 Fl. Oz.,($0.09 / Fl.oz),beverages,"('Simply Orange Juice Pulp Free ', ' 52 Fl. Oz.')",True, 52 Fl. Oz.,Simply Orange Juice Pulp Free 
30,Your Price $4.99 each,V8 100% Original Vegetable Juice - 8-5.5 FZ,($0.11 / Fl.oz),beverages,"('V8 100% Original Vegetable Juice  ', '8-5.5 FZ')",True,8-5.5 FZ,V8 100% Original Vegetable Juice  
31,Your Price $7.99 each,Simply Orange Juice Pulp Free - 2.63 Liter,($0.09 / Fl.oz),beverages,"('Simply Orange Juice Pulp Free ', ' 2.63 Liter')",True, 2.63 Liter,Simply Orange Juice Pulp Free 
32,Your Price $2.00 each,V8 Splash Tropical Blend - 64 FL. OZ. ,($0.03 / Fl.oz),beverages,"('V8 Splash Tropical Blend ', ' 64 FL. OZ. ')",True, 64 FL. OZ. ,V8 Splash Tropical Blend 
33,Your Price $2.49 each,Signature SELECT Juice Apple - 64 Fl. Oz.,($0.04 / Fl.oz),beverages,"('Signature SELECT Juice Apple ', ' 64 Fl. Oz.')",True, 64 Fl. Oz.,Signature SELECT Juice Apple 
34,Your Price $5.99 each,Florida's Natural Orange Juice No Pulp Chilled - 89 Fl. Oz.,($0.07 / Fl.oz),beverages,"(""Florida's Natural Orange Juice No Pulp Chilled "", ' 89 Fl. Oz.')",True, 89 Fl. Oz.,Florida's Natural Orange Juice No Pulp Chilled 
35,Your Price $5.49 each,Ocean Spray Juice Cocktail Cranberry - 101.4 Fl. Oz.,($0.05 / Fl.oz),beverages,"('Ocean Spray Juice Cocktail Cranberry ', ' 101.4 Fl. Oz.')",True, 101.4 Fl. Oz.,Ocean Spray Juice Cocktail Cranberry 
36,Your Price $4.99 each,V8 100% Original Low Sodium Vegetable Juice - 8-5.5 FZ,($0.11 / Fl.oz),beverages,"('V8 100% Original Low Sodium Vegetable Juice  ', '8-5.5 FZ')",True,8-5.5 FZ,V8 100% Original Low Sodium Vegetable Juice  
37,Your Price $2.00 each,V8 Splash Berry Blend - 64 Oz,($0.03 / Fl.oz),beverages,"('V8 Splash Berry Blend ', ' 64 Oz')",True, 64 Oz,V8 Splash Berry Blend 
38,Your Price $3.49 each,Ocean Spray Diet Juice Cranberry Grape - 64 Fl. Oz.,($0.05 / Fl.oz),beverages,"('Ocean Spray Diet Juice Cranberry Grape ', ' 64 Fl. Oz.')",True, 64 Fl. Oz.,Ocean Spray Diet Juice Cranberry Grape 
39,Your Price $5.99 each,Ocean Spray Cranberry No Sugar Added Juice - 3 Liter,($0.06 / Fl.oz),beverages,"('Ocean Spray Cranberry No Sugar Added Juice ', ' 3 Liter')",True, 3 Liter,Ocean Spray Cranberry No Sugar Added Juice 
40,Your Price $4.49 each,Signature SELECT Juice 100% Apple - 90 Fl. Oz.,($0.05 / Fl.oz),beverages,"('Signature SELECT Juice 100% Apple ', ' 90 Fl. Oz.')",True, 90 Fl. Oz.,Signature SELECT Juice 100% Apple 
41,Your Price $3.99 each,Motts Juice 100% Apple Original - 6-8 Fl. Oz.,($0.08 / Fl.oz),beverages,"('Motts Juice 100% Apple Original  ', '6-8 Fl. Oz.')",True,6-8 Fl. Oz.,Motts Juice 100% Apple Original  
42,Your Price $2.99 each,Motts Juice 100% Apple Original - 64 Fl. Oz.,($0.05 / Fl.oz),beverages,"('Motts Juice 100% Apple Original ', ' 64 Fl. Oz.')",True, 64 Fl. Oz.,Motts Juice 100% Apple Original 
43,Your Price $3.29 each,Simply Lemonade Juice All Natural - 52 Fl. Oz.,($0.06 / Fl.oz),beverages,"('Simply Lemonade Juice All Natural ', ' 52 Fl. Oz.')",True, 52 Fl. Oz.,Simply Lemonade Juice All Natural 
44,Your Price $5.49 each,Ocean Spray Cranberry Raspberry Juice Cocktail - 3 Liter,($0.05 / Fl.oz),beverages,"('Ocean Spray Cranberry Raspberry Juice Cocktail ', ' 3 Liter')",True, 3 Liter,Ocean Spray Cranberry Raspberry Juice Cocktail 
45,Your Price $4.79 each,Simply Lemonade Juice All Natural - 2.63 Liter,($0.05 / Fl.oz),beverages,"('Simply Lemonade Juice All Natural ', ' 2.63 Liter')",True, 2.63 Liter,Simply Lemonade Juice All Natural 
46,Your Price $3.99 each,Ocean Spray Juice 100% Cranberry - 64 Fl. Oz.,($0.06 / Fl.oz),beverages,"('Ocean Spray Juice 100% Cranberry ', ' 64 Fl. Oz.')",True, 64 Fl. Oz.,Ocean Spray Juice 100% Cranberry 
47,Your Price $3.99 each,01450 64z 100% Crby Wrmn - 64 FZ,($0.06 / Fl.oz),beverages,"('01450 64z 100% Crby Wrmn ', ' 64 FZ')",True, 64 FZ,01450 64z 100% Crby Wrmn 
48,Your Price $4.79 each,Simply Orange Juice High Pulp - 52 Fl. Oz.,($0.09 / Fl.oz),beverages,"('Simply Orange Juice High Pulp ', ' 52 Fl. Oz.')",True, 52 Fl. Oz.,Simply Orange Juice High Pulp 
49,Your Price $4.99 each,Tropicana Trop50 Orange Juice No Pulp Chilled - 52 Fl. Oz.,($0.10 / Fl.oz),beverages,"('Tropicana Trop50 Orange Juice No Pulp Chilled ', ' 52 Fl. Oz.')",True, 52 Fl. Oz.,Tropicana Trop50 Orange Juice No Pulp Chilled 
50,Your Price $9.99 each,Naked Juice Blend Green Machine - 64 Fl. Oz.,($0.16 / Fl.oz),beverages,"('Naked Juice Blend Green Machine ', ' 64 Fl. Oz.')",True, 64 Fl. Oz.,Naked Juice Blend Green Machine 
51,Your Price $9.99 each,Naked Juice Smoothie Boosted Blue Machine - 64 Fl. Oz.,($0.16 / Fl.oz),beverages,"('Naked Juice Smoothie Boosted Blue Machine ', ' 64 Fl. Oz.')",True, 64 Fl. Oz.,Naked Juice Smoothie Boosted Blue Machine 
52,Your Price $19.99 each,Bustelo Espresso K-cup - 32 Count,($0.62 / Count),beverages,"('Bustelo Espresso K cup', '32 Count')",True,32 Count,Bustelo Espresso K cup
53,Your Price $14.99 each,Folgers Classic Roast - 33.7 OZ,($0.44 / Ounce),beverages,"('Folgers Classic Roast ', ' 33.7 OZ')",True, 33.7 OZ,Folgers Classic Roast 
54,Your Price $26.99 each,Signature SELECT Pod Coffee Breakfast Blend - 80 Count,($0.34 / Count),beverages,"('Signature SELECT Pod Coffee Breakfast Blend ', ' 80 Count')",True, 80 Count,Signature SELECT Pod Coffee Breakfast Blend 
55,Your Price $25.99 each,Dunkin Donuts Kcup Original Coffee - 32 Count,($0.81 / Count),beverages,"('Dunkin Donuts Kcup Original Coffee ', ' 32 Count')",True, 32 Count,Dunkin Donuts Kcup Original Coffee 
56,Your Price $22.99 each,Dunkin Donuts Original Coffee Canister - 30 Oz,($0.77 / Ounce),beverages,"('Dunkin Donuts Original Coffee Canister ', ' 30 Oz')",True, 30 Oz,Dunkin Donuts Original Coffee Canister 
57,Your Price $12.99 each,Signature SELECT Coffee Pod Kona Blend - 36 Count,($0.36 / Count),beverages,"('Signature SELECT Coffee Pod Kona Blend ', ' 36 Count')",True, 36 Count,Signature SELECT Coffee Pod Kona Blend 
58,Your Price $26.99 each,Signature Select Coffee Pods Caffe Venezia - 80 CT,($0.34 / Count),beverages,"('Signature Select Coffee Pods Caffe Venezia ', ' 80 CT')",True, 80 CT,Signature Select Coffee Pods Caffe Venezia 
59,Your Price $19.99 each,Folgers Classic Roast K -Cup - 32 Count,($0.62 / Ounce),beverages,"('Folgers Classic Roast K  Cup', '32 Count')",True,32 Count,Folgers Classic Roast K  Cup
60,Your Price $12.49 each,Folgers Half Caff Ground Coffee - 22.6 Oz,($0.55 / Ounce),beverages,"('Folgers Half Caff Ground Coffee ', ' 22.6 Oz')",True, 22.6 Oz,Folgers Half Caff Ground Coffee 
61,Your Price $8.99 each,Cafe Bustelo Cafe De Mexico Instant Coffee - 7.05 OZ,($1.28 / Ounce),beverages,"('Cafe Bustelo Cafe De Mexico Instant Coffee ', ' 7.05 OZ')",True, 7.05 OZ,Cafe Bustelo Cafe De Mexico Instant Coffee 
62,Your Price $12.49 each,Folgers Coffee Ground Dark Roast Black Silk - 22.6 Oz,($0.55 / Ounce),beverages,"('Folgers Coffee Ground Dark Roast Black Silk ', ' 22.6 Oz')",True, 22.6 Oz,Folgers Coffee Ground Dark Roast Black Silk 
63,Your Price $4.00 each,Signature SELECT Drinking Water Purified - 32-16.9 Fl. Oz.,($0.01 / Fl.oz),beverages,"('Signature SELECT Drinking Water Purified  ', '32-16.9 Fl. Oz.')",True,32-16.9 Fl. Oz.,Signature SELECT Drinking Water Purified  
64,Your Price $3.00 each,Signature SELECT Drinking Water - 24-16.9 Fl. Oz.,($0.01 / Fl.oz),beverages,"('Signature SELECT Drinking Water  ', '24-16.9 Fl. Oz.')",True,24-16.9 Fl. Oz.,Signature SELECT Drinking Water  
65,Your Price $6.99 each,BUBBL'R Sparkling Water Triple Berry Breez'r - 6-12 FZ,($0.10 / Fl.oz),beverages,"(""BUBBL'R Sparkling Water Triple Berry Breez'r  "", '6-12 FZ')",True,6-12 FZ,BUBBL'R Sparkling Water Triple Berry Breez'r  
66,Your Price $13.99 each,Sparkling Ice Blue Variety Pack - 12-17 Fl. Oz.,($0.07 / Fl.oz),beverages,"('Sparkling Ice Blue Variety Pack  ', '12-17 Fl. Oz.')",True,12-17 Fl. Oz.,Sparkling Ice Blue Variety Pack  
67,Your Price $4.00 each,LaCroix Razz Cranberry Sparkling Water - 8-12 Fl. Oz,($0.04 / Fl.oz),beverages,"('LaCroix Razz Cranberry Sparkling Water  ', '8-12 Fl. Oz')",True,8-12 Fl. Oz,LaCroix Razz Cranberry Sparkling Water  
68,Your Price $3.99 each,AHA Sparkling Water Blueberry Pomegranate - 8-12 Fl. Oz.,($0.04 / Fl.oz),beverages,"('AHA Sparkling Water Blueberry Pomegranate  ', '8-12 Fl. Oz.')",True,8-12 Fl. Oz.,AHA Sparkling Water Blueberry Pomegranate  
69,Your Price $4.00 each,LaCroix Sparkling Water Pure - 8-12 Oz,($0.04 / Fl.oz),beverages,"('LaCroix Sparkling Water Pure  ', '8-12 Oz')",True,8-12 Oz,LaCroix Sparkling Water Pure  
70,Your Price $18.99 each,Smartwater 12 - 33.8 fl oz,($0.05 / Fl.oz),beverages,"('Smartwater 12 ', ' 33.8 fl oz')",True, 33.8 fl oz,Smartwater 12 
71,Your Price $4.99 each,bubly Sparkling Water Lime Cans - 8-12 Fl. Oz.,($0.05 / Fl.oz),beverages,"('bubly Sparkling Water Lime Cans  ', '8-12 Fl. Oz.')",True,8-12 Fl. Oz.,bubly Sparkling Water Lime Cans  
72,Your Price $4.99 each,bubly Sparkling Water Blackberry Cans - 8-12 Fl. Oz.,($0.05 / Fl.oz),beverages,"('bubly Sparkling Water Blackberry Cans  ', '8-12 Fl. Oz.')",True,8-12 Fl. Oz.,bubly Sparkling Water Blackberry Cans  
73,Your Price $5.99 each,Signature SELECT Spring Water - 35-16.9 Fl. Oz.,($0.01 / Fl.oz),beverages,"('Signature SELECT Spring Water  ', '35-16.9 Fl. Oz.')",True,35-16.9 Fl. Oz.,Signature SELECT Spring Water  
74,Your Price $4.99 each,bubly Sparkling Water Cherry Cans - 8-12 Fl. Oz.,($0.05 / Fl.oz),beverages,"('bubly Sparkling Water Cherry Cans  ', '8-12 Fl. Oz.')",True,8-12 Fl. Oz.,bubly Sparkling Water Cherry Cans  
75,Your Price $4.00 each,Lacroix Limoncello - 8 -12 FZ,($0.04 / Fl.oz),beverages,"('Lacroix Limoncello  ', '8-12 FZ')",True,8-12 FZ,Lacroix Limoncello  
76,Your Price $3.00 each,Signature SELECT/Refreshe Spring Water - 24-16.9 Fl. Oz.,($0.01 / Fl.oz),beverages,"('Signature SELECT/Refreshe Spring Water  ', '24-16.9 Fl. Oz.')",True,24-16.9 Fl. Oz.,Signature SELECT/Refreshe Spring Water  
77,Your Price $10.99 each,Signature SELECT Water Seltzer - 24-12 Fl. Oz.,($0.04 / Fl.oz),beverages,"('Signature SELECT Water Seltzer  ', '24-12 Fl. Oz.')",True,24-12 Fl. Oz.,Signature SELECT Water Seltzer  
78,Your Price $6.99 each,Aquafina Purified Drinking Water - 24-16.9 Fl. Oz.,($0.02 / Fl.oz),beverages,"('Aquafina Purified Drinking Water  ', '24-16.9 Fl. Oz.')",True,24-16.9 Fl. Oz.,Aquafina Purified Drinking Water  
79,Your Price $3.99 each,AHA Sparkling Water Lime Watermelon - 8-12 Fl. Oz.,($0.04 / Fl.oz),beverages,"('AHA Sparkling Water Lime Watermelon  ', '8-12 Fl. Oz.')",True,8-12 Fl. Oz.,AHA Sparkling Water Lime Watermelon  
80,Your Price $5.50 each,Pure Life Purified Water No Flavor - 28-16.9 Fl. Oz.,($0.01 / Fl.oz),beverages,"('Pure Life Purified Water No Flavor  ', '28-16.9 Fl. Oz.')",True,28-16.9 Fl. Oz.,Pure Life Purified Water No Flavor  
81,Your Price $5.49 each,Polar Orange Vanilla Seltzer - 12-12 Fl. Oz.,($0.04 / Fl.oz),beverages,"('Polar Orange Vanilla Seltzer  ', '12-12 Fl. Oz.')",True,12-12 Fl. Oz.,Polar Orange Vanilla Seltzer  
82,Your Price $7.49 each,Perrier Sparkling Water - 8-11.15 Oz,($0.08 / Fl.oz),beverages,"('Perrier Sparkling Water  ', '8-11.15 Oz')",True,8-11.15 Oz,Perrier Sparkling Water  
83,Your Price $6.00 each,Ice Mountain 100% Natural Spring Water - 24-16.9 Fl. Oz.,($0.01 / Fl.oz),beverages,"('Ice Mountain 100% Natural Spring Water  ', '24-16.9 Fl. Oz.')",True,24-16.9 Fl. Oz.,Ice Mountain 100% Natural Spring Water  
84,Your Price $3.99 each,Aha Blackberry Lemon Cans - 8-12 OZ,($0.04 / Fl.oz),beverages,"('Aha Blackberry Lemon Cans  ', '8-12 OZ')",True,8-12 OZ,Aha Blackberry Lemon Cans  
85,Your Price $13.99 each,Topo Chico Mineral Water - 12-12 Fl. Oz.,($0.10 / Fl.oz),beverages,"('Topo Chico Mineral Water  ', '12-12 Fl. Oz.')",True,12-12 Fl. Oz.,Topo Chico Mineral Water  
86,Your Price $4.00 each,LaCroix Sparkling Water Lime - 8-12 Oz,($0.04 / Fl.oz),beverages,"('LaCroix Sparkling Water Lime  ', '8-12 Oz')",True,8-12 Oz,LaCroix Sparkling Water Lime  
87,Your Price $3.00 each,Soleil Sparkling Water Blood Orange - 8-12 Fl. Oz.,($0.03 / Fl.oz),beverages,"('Soleil Sparkling Water Blood Orange  ', '8-12 Fl. Oz.')",True,8-12 Fl. Oz.,Soleil Sparkling Water Blood Orange  
88,Your Price $3.00 each,Soleil Sparkling Water Black Cherry - 8-12 Fl. Oz.,($0.03 / Fl.oz),beverages,"('Soleil Sparkling Water Black Cherry  ', '8-12 Fl. Oz.')",True,8-12 Fl. Oz.,Soleil Sparkling Water Black Cherry  
89,Your Price $10.99 each,Signature SELECT Seltzer Water Lime - 24-12 Fl. Oz.,($0.04 / Fl.oz),beverages,"('Signature SELECT Seltzer Water Lime  ', '24-12 Fl. Oz.')",True,24-12 Fl. Oz.,Signature SELECT Seltzer Water Lime  
90,Your Price $12.99 each,Pure Leaf Tea Brewed Unsweetened Black - 12-16.9 Fl. Oz.,($0.06 / Fl.oz),beverages,"('Pure Leaf Tea Brewed Unsweetened Black  ', '12-16.9 Fl. Oz.')",True,12-16.9 Fl. Oz.,Pure Leaf Tea Brewed Unsweetened Black  
91,Your Price $4.99 each,Bigelow Green Tea Classic - 40 Count,($0.12 / Count),beverages,"('Bigelow Green Tea Classic ', ' 40 Count')",True, 40 Count,Bigelow Green Tea Classic 
92,Your Price $6.49 each,Gold Peak Sweetened Black Tea - 6-16.9 Fl. Oz.,($0.06 / Fl.oz),beverages,"('Gold Peak Sweetened Black Tea  ', '6-16.9 Fl. Oz.')",True,6-16.9 Fl. Oz.,Gold Peak Sweetened Black Tea  
93,Your Price $5.99 each,Bigelow Green Tea Decaffeinated - 40 Count,($0.15 / Count),beverages,"('Bigelow Green Tea Decaffeinated ', ' 40 Count')",True, 40 Count,Bigelow Green Tea Decaffeinated 
94,Your Price $6.49 each,Gold Peak Tea Black Iced Tea Unsweetened - 6-16.9 Fl. Oz.,($0.06 / Fl.oz),beverages,"('Gold Peak Tea Black Iced Tea Unsweetened  ', '6-16.9 Fl. Oz.')",True,6-16.9 Fl. Oz.,Gold Peak Tea Black Iced Tea Unsweetened  
95,Your Price $3.49 each,Bigelow Black Tea Spiced Chai - 20 Count,($0.17 / Count),beverages,"('Bigelow Black Tea Spiced Chai ', ' 20 Count')",True, 20 Count,Bigelow Black Tea Spiced Chai 
96,Your Price $7.49 each,Pure Leaf Tea Brewed Raspberry - 6-16.9 Fl. Oz.,($0.07 / Fl.oz),beverages,"('Pure Leaf Tea Brewed Raspberry  ', '6-16.9 Fl. Oz.')",True,6-16.9 Fl. Oz.,Pure Leaf Tea Brewed Raspberry  
97,Your Price $7.99 each,Brisk Iced Tea Lemon - 12-12 Fl. Oz.,($0.06 / Fl.oz),beverages,"('Brisk Iced Tea Lemon  ', '12-12 Fl. Oz.')",True,12-12 Fl. Oz.,Brisk Iced Tea Lemon  
98,Your Price $3.49 each,Bigelow Black Tea Bags Vanilla Chai 20 Count - 1.64 Oz,($0.17 / Count),beverages,"('Bigelow Black Tea Bags Vanilla Chai 20 Count ', ' 1.64 Oz')",True, 1.64 Oz,Bigelow Black Tea Bags Vanilla Chai 20 Count 
99,Your Price $5.99 each,Snapple Tea Raspberry - 6-16FZ,($0.06 / Fl.oz),beverages,"('Snapple Tea Raspberry  ', '6-16FZ')",True,6-16FZ,Snapple Tea Raspberry  
100,Your Price $3.49 each,Bigelow Green Tea Earl Grey - 20 Count,($0.17 / Count),beverages,"('Bigelow Green Tea Earl Grey ', ' 20 Count')",True, 20 Count,Bigelow Green Tea Earl Grey 
101,Your Price $5.99 each,Snapple Diet Tea Raspberry - 6-16FZ,($0.06 / Fl.oz),beverages,"('Snapple Diet Tea Raspberry  ', '6-16FZ')",True,6-16FZ,Snapple Diet Tea Raspberry  
102,Your Price $12.99 each,Pure Leaf Tea Brewed Sweet - 12-16.9 Fl. Oz.,($0.06 / Fl.oz),beverages,"('Pure Leaf Tea Brewed Sweet  ', '12-16.9 Fl. Oz.')",True,12-16.9 Fl. Oz.,Pure Leaf Tea Brewed Sweet  
103,Your Price $11.99 each,Snapple Peach Tea Recycled Bottles Multipack - 12-16 Fl. Oz.,($0.06 / Fl.oz),beverages,"('Snapple Peach Tea Recycled Bottles Multipack  ', '12-16 Fl. Oz.')",True,12-16 Fl. Oz.,Snapple Peach Tea Recycled Bottles Multipack  
104,Your Price $7.49 each,Pure Leaf Tea Brewed Sweet - 6-16.9 Fl. Oz.,($0.07 / Fl.oz),beverages,"('Pure Leaf Tea Brewed Sweet  ', '6-16.9 Fl. Oz.')",True,6-16.9 Fl. Oz.,Pure Leaf Tea Brewed Sweet  
105,Your Price $3.99 each,Milos No Calorie Sweet Tea Gallon - 128 Fl. Oz.,($0.03 / Fl.oz),beverages,"('Milos No Calorie Sweet Tea Gallon ', ' 128 Fl. Oz.')",True, 128 Fl. Oz.,Milos No Calorie Sweet Tea Gallon 
106,Your Price $5.99 each,AriZona Green Tea with Ginseng and Honey - 12-11.5 Fl. Oz.,($0.04 / Fl.oz),beverages,"('AriZona Green Tea with Ginseng and Honey  ', '12-11.5 Fl. Oz.')",True,12-11.5 Fl. Oz.,AriZona Green Tea with Ginseng and Honey  
107,Your Price $3.99 each,Lipton Tea Bags - 100 Count,($0.04 / Count),beverages,"('Lipton Tea Bags ', ' 100 Count')",True, 100 Count,Lipton Tea Bags 
108,Your Price $7.49 each,Pure Leaf Tea Brewed Unsweetened - 6-16.9 Fl. Oz.,($0.07 / Fl.oz),beverages,"('Pure Leaf Tea Brewed Unsweetened  ', '6-16.9 Fl. Oz.')",True,6-16.9 Fl. Oz.,Pure Leaf Tea Brewed Unsweetened  
109,Your Price $3.29 each,Gold Peak Tea Black Iced Unsweetened - 52 Fl. Oz.,($0.06 / Ounce),beverages,"('Gold Peak Tea Black Iced Unsweetened ', ' 52 Fl. Oz.')",True, 52 Fl. Oz.,Gold Peak Tea Black Iced Unsweetened 
110,Your Price $7.49 each,Pure Leaf Tea Brewed Lemon - 6-16.9 Fl. Oz.,($0.07 / Fl.oz),beverages,"('Pure Leaf Tea Brewed Lemon  ', '6-16.9 Fl. Oz.')",True,6-16.9 Fl. Oz.,Pure Leaf Tea Brewed Lemon  
111,Your Price $4.49 each,Gold Peak Tea Black Iced Sweet - 89 Fl. Oz.,($0.05 / Fl.oz),beverages,"('Gold Peak Tea Black Iced Sweet ', ' 89 Fl. Oz.')",True, 89 Fl. Oz.,Gold Peak Tea Black Iced Sweet 
112,Your Price $3.99 each,AriZona Green Tea with Ginseng Zero Calorie - 128 Fl. Oz.,($0.03 / Fl.oz),beverages,"('AriZona Green Tea with Ginseng Zero Calorie ', ' 128 Fl. Oz.')",True, 128 Fl. Oz.,AriZona Green Tea with Ginseng Zero Calorie 
113,Your Price $3.29 each,Gold Peak Tea Iced Lemonade Flavored - 52 Fl. Oz.,($0.06 / Fl.oz),beverages,"('Gold Peak Tea Iced Lemonade Flavored ', ' 52 Fl. Oz.')",True, 52 Fl. Oz.,Gold Peak Tea Iced Lemonade Flavored 
114,Your Price $6.99 each,Lipton Iced Tea Peach - 12-16.9 Fl. Oz.,($0.03 / Fl.oz),beverages,"('Lipton Iced Tea Peach  ', '12-16.9 Fl. Oz.')",True,12-16.9 Fl. Oz.,Lipton Iced Tea Peach  
115,Your Price $4.49 each,Gold Peak Tea Black Iced Unsweetened - 89 Fl. Oz.,($0.05 / Fl.oz),beverages,"('Gold Peak Tea Black Iced Unsweetened ', ' 89 Fl. Oz.')",True, 89 Fl. Oz.,Gold Peak Tea Black Iced Unsweetened 
116,Your Price $2.99 each,Gold Peak Zero Sugar Sweet Tea - 59 Fl. Oz.,($0.05 / Fl.oz),beverages,"('Gold Peak Zero Sugar Sweet Tea ', ' 59 Fl. Oz.')",True, 59 Fl. Oz.,Gold Peak Zero Sugar Sweet Tea 
117,Your Price $8.99 each,Twinings of London Black Tea English Breakfast - 50 Count,($0.18 / Count),beverages,"('Twinings of London Black Tea English Breakfast ', ' 50 Count')",True, 50 Count,Twinings of London Black Tea English Breakfast 
118,Your Price $6.99 each,Lipton Green Tea Diet Mixed Berry - 12-16.9 Fl. Oz.,($0.03 / Fl.oz),beverages,"('Lipton Green Tea Diet Mixed Berry  ', '12-16.9 Fl. Oz.')",True,12-16.9 Fl. Oz.,Lipton Green Tea Diet Mixed Berry  
119,Your Price $3.99 each,AriZona Green Tea with Ginseng and Honey - 128 Fl. Oz.,($0.03 / Fl.oz),beverages,"('AriZona Green Tea with Ginseng and Honey ', ' 128 Fl. Oz.')",True, 128 Fl. Oz.,AriZona Green Tea with Ginseng and Honey 
120,Your Price $21.99 each,Red Bull Energy Drink Sugar Free - 12-8.4 Fl. Oz.,($0.22 / Fl.oz),beverages,"('Red Bull Energy Drink Sugar Free  ', '12-8.4 Fl. Oz.')",True,12-8.4 Fl. Oz.,Red Bull Energy Drink Sugar Free  
121,Your Price $20.99 each,Monster Ultra Vp Zgfr Us 12/16oz - 192 FZ,($0.11 / Fl.oz),beverages,"('Monster Ultra Vp Zgfr Us 12/16oz ', ' 192 FZ')",True, 192 FZ,Monster Ultra Vp Zgfr Us 12/16oz 
122,Your Price $21.99 each,Red Bull Energy Drink Tropical - 12-8.4 Fl. Oz.,($0.22 / Fl.oz),beverages,"('Red Bull Energy Drink Tropical  ', '12-8.4 Fl. Oz.')",True,12-8.4 Fl. Oz.,Red Bull Energy Drink Tropical  
123,Your Price $21.99 each,Red Bull Energy Drink Variety Pack - 12-8.4 Fl. Oz.,($0.22 / Fl.oz),beverages,"('Red Bull Energy Drink Variety Pack  ', '12-8.4 Fl. Oz.')",True,12-8.4 Fl. Oz.,Red Bull Energy Drink Variety Pack  
124,Your Price $20.99 each,Mon Ultra Vp Watrmln Pardis Us - 192 FZ,($0.11 / Fl.oz),beverages,"('Mon Ultra Vp Watrmln Pardis Us ', ' 192 FZ')",True, 192 FZ,Mon Ultra Vp Watrmln Pardis Us 
125,Your Price $8.49 each,Red Bull Energy Drink - 4-8.4 Fl. Oz.,($0.25 / Fl.oz),beverages,"('Red Bull Energy Drink  ', '4-8.4 Fl. Oz.')",True,4-8.4 Fl. Oz.,Red Bull Energy Drink  
126,Your Price $1.67 each,Rockstar Pure Zero Energy Drink Punch - 16 FZ,($0.10 / Fl.oz),beverages,"('Rockstar Pure Zero Energy Drink Punch ', ' 16 FZ')",True, 16 FZ,Rockstar Pure Zero Energy Drink Punch 
127,Your Price $21.99 each,Red Bull Energy Drink - 12-8.4 Fl. Oz.,($0.22 / Fl.oz),beverages,"('Red Bull Energy Drink  ', '12-8.4 Fl. Oz.')",True,12-8.4 Fl. Oz.,Red Bull Energy Drink  
128,Your Price $3.29 each,Alani Nu Energy Hawaiian Shaved Ice - 12 OZ,($0.27 / Fl.oz),beverages,"('Alani Nu Energy Hawaiian Shaved Ice ', ' 12 OZ')",True, 12 OZ,Alani Nu Energy Hawaiian Shaved Ice 
129,Your Price $8.49 each,Red Bull Energy Drink Sugar Free - 4-8.4 Fl. Oz.,($0.25 / Fl.oz),beverages,"('Red Bull Energy Drink Sugar Free  ', '4-8.4 Fl. Oz.')",True,4-8.4 Fl. Oz.,Red Bull Energy Drink Sugar Free  
130,Your Price $12.99 each,Alani Cherry Slush Mp - 6-12 FZ,($0.18 / Fl.oz),beverages,"('Alani Cherry Slush Mp  ', '6-12 FZ')",True,6-12 FZ,Alani Cherry Slush Mp  
131,Your Price $11.99 each,Red Bull Energy Drink - 4-12 Fl. Oz.,($0.25 / Fl.oz),beverages,"('Red Bull Energy Drink  ', '4-12 Fl. Oz.')",True,4-12 Fl. Oz.,Red Bull Energy Drink  
132,Your Price $8.49 each,Red Bull Energy Drink Peach Nectarine - 4-8.4 Fl. Oz.,($0.25 / Fl.oz),beverages,"('Red Bull Energy Drink Peach Nectarine  ', '4-8.4 Fl. Oz.')",True,4-8.4 Fl. Oz.,Red Bull Energy Drink Peach Nectarine  
133,Your Price $3.00 each,Red Bull Energy Drink - 12 Fl. Oz.,($0.25 / Fl.oz),beverages,"('Red Bull Energy Drink ', ' 12 Fl. Oz.')",True, 12 Fl. Oz.,Red Bull Energy Drink 
134,Your Price $1.67 each,Rockstar Pure Zero Energy Drink Silver Ice Can - 16 FZ,($0.10 / Fl.oz),beverages,"('Rockstar Pure Zero Energy Drink Silver Ice Can ', ' 16 FZ')",True, 16 FZ,Rockstar Pure Zero Energy Drink Silver Ice Can 
135,Your Price $8.49 each,Red Bull Energy Drink Watermelon - 4-8.4 Fl. Oz.,($0.25 / Fl.oz),beverages,"('Red Bull Energy Drink Watermelon  ', '4-8.4 Fl. Oz.')",True,4-8.4 Fl. Oz.,Red Bull Energy Drink Watermelon  
136,Your Price $8.49 each,Red Bull Energy Drink Tropical - 4-8.4 Fl. Oz.,($0.25 / Fl.oz),beverages,"('Red Bull Energy Drink Tropical  ', '4-8.4 Fl. Oz.')",True,4-8.4 Fl. Oz.,Red Bull Energy Drink Tropical  
137,Your Price $2.00 each,Bang Energy Drink Raspberry Hibiscus - 16 FZ,($0.13 / Fl.oz),beverages,"('Bang Energy Drink Raspberry Hibiscus ', ' 16 FZ')",True, 16 FZ,Bang Energy Drink Raspberry Hibiscus 
138,Your Price $3.29 each,Alani Energy Drink Cosmic Stardust - 12 OZ,($0.27 / Fl.oz),beverages,"('Alani Energy Drink Cosmic Stardust ', ' 12 OZ')",True, 12 OZ,Alani Energy Drink Cosmic Stardust 
139,Your Price $2.50 each,Monster Energy Ultra Sunrise Sugar Free Energy Drink 16 oz.,($0.16 / Fl.oz),beverages,"('Monster Energy Ultra Sunrise Sugar Free Energy Drink ', '16 oz.')",False,16 oz.,Monster Energy Ultra Sunrise Sugar Free Energy Drink 
140,Your Price $7.99 each,Bang Energy Drink Blue Razz - 4-16 FZ,($0.12 / Fl.oz),beverages,"('Bang Energy Drink Blue Razz  ', '4-16 FZ')",True,4-16 FZ,Bang Energy Drink Blue Razz  
141,Your Price $3.00 each,Red Bull Winter Edition 12fz - 12 FZ,($0.25 / Fl.oz),beverages,"('Red Bull Winter Edition 12fz ', ' 12 FZ')",True, 12 FZ,Red Bull Winter Edition 12fz 
142,Your Price $3.29 each,Alani Energy Drink - Breezeberry - 12 OZ,($0.27 / Fl.oz),beverages,"('Alani Energy Drink  Breezeberry', '12 OZ')",True,12 OZ,Alani Energy Drink  Breezeberry
143,Your Price $3.00 each,Red Bull Energy Drink Peach Nectarine - 12 Fl. Oz.,($0.25 / Fl.oz),beverages,"('Red Bull Energy Drink Peach Nectarine ', ' 12 Fl. Oz.')",True, 12 Fl. Oz.,Red Bull Energy Drink Peach Nectarine 
144,Your Price $12.99 each,Gatorade G-Zero Variety Pack - 18 - 12 Fl. Oz.,($0.06 / Fl.oz),beverages,"('Gatorade G Zero Variety Pack', '18-12 Fl. Oz.')",True,18-12 Fl. Oz.,Gatorade G Zero Variety Pack
145,Your Price $8.99 each,Gatorade Perform Fruit Punch - 12-12 Fl. Oz.,($0.06 / Fl.oz),beverages,"('Gatorade Perform Fruit Punch  ', '12-12 Fl. Oz.')",True,12-12 Fl. Oz.,Gatorade Perform Fruit Punch  
146,Your Price $7.99 each,Gatorade G Series Thirst Quencher Lemon-Lime - 8-20 Fl. Oz.,($0.05 / Fl.oz),beverages,"('Gatorade G Series Thirst Quencher Lemon Lime', '8-20 Fl. Oz.')",True,8-20 Fl. Oz.,Gatorade G Series Thirst Quencher Lemon Lime
147,Your Price $6.99 each,BODYARMOR Fruit Punch Sports Drink - 8-12 Fl. Oz.,($0.07 / Fl.oz),beverages,"('BODYARMOR Fruit Punch Sports Drink  ', '8-12 Fl. Oz.')",True,8-12 Fl. Oz.,BODYARMOR Fruit Punch Sports Drink  
148,Your Price $8.99 each,Gatorade Cool Blue - 12-12 Fl. Oz.,($0.06 / Fl.oz),beverages,"('Gatorade Cool Blue  ', '12-12 Fl. Oz.')",True,12-12 Fl. Oz.,Gatorade Cool Blue  
149,Your Price $6.99 each,BODYARMOR LYTE Peach Mango Sports Drink - 8-12 Fl. Oz.,($0.07 / Fl.oz),beverages,"('BODYARMOR LYTE Peach Mango Sports Drink  ', '8-12 Fl. Oz.')",True,8-12 Fl. Oz.,BODYARMOR LYTE Peach Mango Sports Drink  
150,Your Price $6.99 each,BODYARMOR Strawberry Banana Sports Drink - 8-12 Fl. Oz.,($0.07 / Fl.oz),beverages,"('BODYARMOR Strawberry Banana Sports Drink  ', '8-12 Fl. Oz.')",True,8-12 Fl. Oz.,BODYARMOR Strawberry Banana Sports Drink  
151,Your Price $8.99 each,Gatorade Glazier Freeze - 12-12 Fl. Oz.,($0.06 / Fl.oz),beverages,"('Gatorade Glazier Freeze  ', '12-12 Fl. Oz.')",True,12-12 Fl. Oz.,Gatorade Glazier Freeze  
152,Your Price $7.99 each,Gatorade G Series Thirst Quencher Fruit Punch - 8-20 Fl. Oz.,($0.05 / Fl.oz),beverages,"('Gatorade G Series Thirst Quencher Fruit Punch  ', '8-20 Fl. Oz.')",True,8-20 Fl. Oz.,Gatorade G Series Thirst Quencher Fruit Punch  
153,Your Price $1.33 each,Gatorade Fierce Thirst Quencher Green Apple - 28 FZ,($0.05 / Fl.oz),beverages,"('Gatorade Fierce Thirst Quencher Green Apple ', ' 28 FZ')",True, 28 FZ,Gatorade Fierce Thirst Quencher Green Apple 
154,Your Price $7.99 each,Gatorade G Series Thirst Quencher Orange - 8-20 Fl. Oz.,($0.05 / Fl.oz),beverages,"('Gatorade G Series Thirst Quencher Orange  ', '8-20 Fl. Oz.')",True,8-20 Fl. Oz.,Gatorade G Series Thirst Quencher Orange  
155,Your Price $8.99 each,Gatorade Orange - 12-12 Fl. Oz.,($0.06 / Fl.oz),beverages,"('Gatorade Orange  ', '12-12 Fl. Oz.')",True,12-12 Fl. Oz.,Gatorade Orange  
156,Your Price $7.99 each,Gatorade Zero Zero Sugar Thirst Quencher Cool Blue - 8-20FZ,($0.05 / Fl.oz),beverages,"('Gatorade Zero Zero Sugar Thirst Quencher Cool Blue  ', '8-20FZ')",True,8-20FZ,Gatorade Zero Zero Sugar Thirst Quencher Cool Blue  
157,Your Price $3.49 each,Swiss Miss Milk Chocolate With Marshmallow Cocoa - 11.04 Oz,($0.32 / Ounce),beverages,"('Swiss Miss Milk Chocolate With Marshmallow Cocoa ', ' 11.04 Oz')",True, 11.04 Oz,Swiss Miss Milk Chocolate With Marshmallow Cocoa 
158,Your Price $6.99 each,Nesquik Chocolate Powder Drink Mix - 20.1 Oz,($0.35 / Ounce),beverages,"('Nesquik Chocolate Powder Drink Mix ', ' 20.1 Oz')",True, 20.1 Oz,Nesquik Chocolate Powder Drink Mix 
159,Your Price $9.99 each,Swiss Miss Milk Chocolate Hot Cocoa Mix - 38.27 Oz,($0.26 / Ounce),beverages,"('Swiss Miss Milk Chocolate Hot Cocoa Mix ', ' 38.27 Oz')",True, 38.27 Oz,Swiss Miss Milk Chocolate Hot Cocoa Mix 
160,Your Price $6.99 each,Nesquik No Sugar Added Chocolate Cocoa Powder Tub - 16 Oz,($0.44 / Ounce),beverages,"('Nesquik No Sugar Added Chocolate Cocoa Powder Tub ', ' 16 Oz')",True, 16 Oz,Nesquik No Sugar Added Chocolate Cocoa Powder Tub 
161,Your Price $8.99 each,Swiss Miss Milk Chocolate Hot Cocoa K Cup Pods - 10 Count,($1.38 / Ounce),beverages,"('Swiss Miss Milk Chocolate Hot Cocoa K Cup Pods ', ' 10 Count')",True, 10 Count,Swiss Miss Milk Chocolate Hot Cocoa K Cup Pods 
162,Your Price $10.29 each,Nesquik Chocolate Flavor Powder Drink Mix Canister - 38 Oz,($0.27 / Ounce),beverages,"('Nesquik Chocolate Flavor Powder Drink Mix Canister ', ' 38 Oz')",True, 38 Oz,Nesquik Chocolate Flavor Powder Drink Mix Canister 
163,Your Price $7.29 each,Nestle Hot Cocoa Mix Rich Milk Chocolate Flavor - 27.7 Oz,($0.26 / Ounce),beverages,"('Nestle Hot Cocoa Mix Rich Milk Chocolate Flavor ', ' 27.7 Oz')",True, 27.7 Oz,Nestle Hot Cocoa Mix Rich Milk Chocolate Flavor 
164,Your Price $3.49 each,NesQuik Chocolate Powder - 14.1 Oz,($0.25 / Ounce),beverages,"('NesQuik Chocolate Powder ', ' 14.1 Oz')",True, 14.1 Oz,NesQuik Chocolate Powder 
165,Your Price $3.49 each,Swiss Miss Cocoa Mix Hot Milk Chocolate Box - 8-1.38 Oz,($0.32 / Ounce),beverages,"('Swiss Miss Cocoa Mix Hot Milk Chocolate Box  ', '8-1.38 Oz')",True,8-1.38 Oz,Swiss Miss Cocoa Mix Hot Milk Chocolate Box  
166,Your Price $2.99 each,HERSHEYS Syrup Genuine Chocolate Flavor - 24 Oz,($0.12 / Ounce),beverages,"('HERSHEYS Syrup Genuine Chocolate Flavor ', ' 24 Oz')",True, 24 Oz,HERSHEYS Syrup Genuine Chocolate Flavor 
167,Your Price $4.49 each,Signature SELECT Cocoa Mix Hot - 20 Oz,($0.22 / Ounce),beverages,"('Signature SELECT Cocoa Mix Hot ', ' 20 Oz')",True, 20 Oz,Signature SELECT Cocoa Mix Hot 
168,Your Price $4.49 each,Ghirardelli Double Chocolate Premium Hot Cocoa Mix - 10.5 Oz,($0.43 / Ounce),beverages,"('Ghirardelli Double Chocolate Premium Hot Cocoa Mix ', ' 10.5 Oz')",True, 10.5 Oz,Ghirardelli Double Chocolate Premium Hot Cocoa Mix 
169,Your Price $4.99 each,HERSHEYS Syrup Genuine Chocolate Flavor - 48 Oz,($0.10 / Ounce),beverages,"('HERSHEYS Syrup Genuine Chocolate Flavor ', ' 48 Oz')",True, 48 Oz,HERSHEYS Syrup Genuine Chocolate Flavor 
170,Your Price $2.29 each,Signature SELECT Cocoa Mix Hot - 10-0.71 Oz,($0.23 / Ounce),beverages,"('Signature SELECT Cocoa Mix Hot  ', '10-0.71 Oz')",True,10-0.71 Oz,Signature SELECT Cocoa Mix Hot  
171,Your Price $3.99 each,Swiss Miss Hot Cocoa Marshmallow Lovers Envelopes - 9.48 Oz,($0.42 / Ounce),beverages,"('Swiss Miss Hot Cocoa Marshmallow Lovers Envelopes ', ' 9.48 Oz')",True, 9.48 Oz,Swiss Miss Hot Cocoa Marshmallow Lovers Envelopes 
172,Your Price $6.99 each,Starbucks Cocoa Mix Hot Double Chocolate - 8-1 Oz,($0.87 / Ounce),beverages,"('Starbucks Cocoa Mix Hot Double Chocolate  ', '8-1 Oz')",True,8-1 Oz,Starbucks Cocoa Mix Hot Double Chocolate  
173,Your Price $5.99 each,Stephens Gourmet Cocoa Hot Dark Chocolate - 16 Oz,($0.37 / Ounce),beverages,"('Stephens Gourmet Cocoa Hot Dark Chocolate ', ' 16 Oz')",True, 16 Oz,Stephens Gourmet Cocoa Hot Dark Chocolate 
174,Your Price $3.99 each,Signature SELECT Cocoa Hot European Cafe Style - 12 Oz,($0.33 / Ounce),beverages,"('Signature SELECT Cocoa Hot European Cafe Style ', ' 12 Oz')",True, 12 Oz,Signature SELECT Cocoa Hot European Cafe Style 
175,Your Price $3.49 each,Swiss Miss Hot Cocoa Mix Rich Chocolate Envelopes - 10.64 Oz,($0.33 / Ounce),beverages,"('Swiss Miss Hot Cocoa Mix Rich Chocolate Envelopes ', ' 10.64 Oz')",True, 10.64 Oz,Swiss Miss Hot Cocoa Mix Rich Chocolate Envelopes 
176,Your Price $3.00 each,Stephens Gourmet Dark Candycane Cocoa - Each,($3.00 / Each),beverages,"('Stephens Gourmet Dark Candycane Cocoa ', ' Each')",True, Each,Stephens Gourmet Dark Candycane Cocoa 
177,Your Price $6.99 each,Starbucks Cocoa Hot Classic Mix - 8-1 Oz,($0.87 / Ounce),beverages,"('Starbucks Cocoa Hot Classic Mix  ', '8-1 Oz')",True,8-1 Oz,Starbucks Cocoa Hot Classic Mix  
178,Your Price $9.99 each,Vita Coco Coconut Water Pure Pack - 4-16.9 Fl. Oz.,($0.15 / Fl.oz),beverages,"('Vita Coco Coconut Water Pure Pack  ', '4-16.9 Fl. Oz.')",True,4-16.9 Fl. Oz.,Vita Coco Coconut Water Pure Pack  
179,Your Price $3.79 each,O Organics Coconut Water Original - 33.8 Fl. Oz.,($0.11 / Fl.oz),beverages,"('O Organics Coconut Water Original ', ' 33.8 Fl. Oz.')",True, 33.8 Fl. Oz.,O Organics Coconut Water Original 
180,Your Price $9.99 each,Vita Coco Pineapple 16.9oz - 16.90 FZ,($0.15 / Fl.oz),beverages,"('Vita Coco Pineapple 16.9oz ', ' 16.90 FZ')",True, 16.90 FZ,Vita Coco Pineapple 16.9oz 
181,Your Price $2.50 each,Vita Coco Coconut Water Pure - 16.9 Fl. Oz.,($0.15 / Fl.oz),beverages,"('Vita Coco Coconut Water Pure ', ' 16.9 Fl. Oz.')",True, 16.9 Fl. Oz.,Vita Coco Coconut Water Pure 
182,Your Price $4.00 each,Vita Coco Coconut Water Pure - 33.8 Fl. Oz.,($0.12 / Fl.oz),beverages,"('Vita Coco Coconut Water Pure ', ' 33.8 Fl. Oz.')",True, 33.8 Fl. Oz.,Vita Coco Coconut Water Pure 
183,Your Price $2.49 each,C2O Coconut Water Pure - 17.5 Fl. Oz.,($0.14 / Fl.oz),beverages,"('C2O Coconut Water Pure ', ' 17.5 Fl. Oz.')",True, 17.5 Fl. Oz.,C2O Coconut Water Pure 
184,Your Price $1.49 each,O Organics Organic Coconut Water Original - 11.2 Fl. Oz.,($0.13 / Fl.oz),beverages,"('O Organics Organic Coconut Water Original ', ' 11.2 Fl. Oz.')",True, 11.2 Fl. Oz.,O Organics Organic Coconut Water Original 
185,Your Price $2.50 each,Vita Coco Coconut Water Pure with Pineapple - 16.9 Fl. Oz.,($0.15 / Fl.oz),beverages,"('Vita Coco Coconut Water Pure with Pineapple ', ' 16.9 Fl. Oz.')",True, 16.9 Fl. Oz.,Vita Coco Coconut Water Pure with Pineapple 
186,Your Price $1.99 each,Goya Coconut Water With Pulp - 17.6 Fl. Oz.,($0.11 / Fl.oz),beverages,"('Goya Coconut Water With Pulp ', ' 17.6 Fl. Oz.')",True, 17.6 Fl. Oz.,Goya Coconut Water With Pulp 
187,Your Price $9.49 each,Propel Water Immune Support Variety Pack - 12-16.9 Fl Oz,($0.05 / Fl.oz),beverages,"('Propel Water Immune Support Variety Pack  ', '12-16.9 Fl Oz')",True,12-16.9 Fl Oz,Propel Water Immune Support Variety Pack  
188,Your Price $6.99 each,Remedy Raspberry Lemonade Kombucha - 4-11 Fl. Oz.,($0.16 / Fl.oz),beverages,"('Remedy Raspberry Lemonade Kombucha  ', '4-11 Fl. Oz.')",True,4-11 Fl. Oz.,Remedy Raspberry Lemonade Kombucha  
189,Your Price $4.00 each,Vita Coco Pressed Coconut Water The Original - 33.8 Fl. Oz.,($0.12 / Fl.oz),beverages,"('Vita Coco Pressed Coconut Water The Original ', ' 33.8 Fl. Oz.')",True, 33.8 Fl. Oz.,Vita Coco Pressed Coconut Water The Original 
190,Your Price $4.00 each,Vita Coco Coconut Water Pure With Pineapple - 33.8 Fl. Oz.,($0.12 / Fl.oz),beverages,"('Vita Coco Coconut Water Pure With Pineapple ', ' 33.8 Fl. Oz.')",True, 33.8 Fl. Oz.,Vita Coco Coconut Water Pure With Pineapple 
191,Your Price $5.49 each,Harvest Bay Coconut Water - 8.45 Oz,($0.16 / Fl.oz),beverages,"('Harvest Bay Coconut Water ', ' 8.45 Oz')",True, 8.45 Oz,Harvest Bay Coconut Water 
192,Your Price $2.00 each,O.N.E. Coconut Water - 4-11.2 Fl. Oz.,($0.17 / Fl.oz),beverages,"('O.N.E. Coconut Water  ', '4-11.2 Fl. Oz.')",True,4-11.2 Fl. Oz.,O.N.E. Coconut Water  
193,Your Price $2.50 each,Vita Coco Pressed Coconut Water The Original - 16.9 Fl. Oz.,($0.15 / Fl.oz),beverages,"('Vita Coco Pressed Coconut Water The Original ', ' 16.9 Fl. Oz.')",True, 16.9 Fl. Oz.,Vita Coco Pressed Coconut Water The Original 
194,Your Price $2.49 each,C2O Coconut Water Pure with Pulp - 17.5 Fl. Oz.,($0.14 / Fl.oz),beverages,"('C2O Coconut Water Pure with Pulp ', ' 17.5 Fl. Oz.')",True, 17.5 Fl. Oz.,C2O Coconut Water Pure with Pulp 
195,Your Price $1.99 each,Goya Coconut Water - 11.8 Fl. Oz.,($0.17 / Fl.oz),beverages,"('Goya Coconut Water ', ' 11.8 Fl. Oz.')",True, 11.8 Fl. Oz.,Goya Coconut Water 
196,Your Price $3.29 each,Vita Coco Coconut Water Pure - 16.9 Fl. Oz.,($0.19 / Fl.oz),beverages,"('Vita Coco Coconut Water Pure ', ' 16.9 Fl. Oz.')",True, 16.9 Fl. Oz.,Vita Coco Coconut Water Pure 
197,Your Price $4.99 each,Goya Coconut Water 100% Pure Brick - 33.8 Fl. Oz.,($0.15 / Fl.oz),beverages,"('Goya Coconut Water 100% Pure Brick ', ' 33.8 Fl. Oz.')",True, 33.8 Fl. Oz.,Goya Coconut Water 100% Pure Brick 
198,Your Price $3.99 each,Naked Juice Coconut Water Pure - 33.8 Fl. Oz.,($0.12 / Fl.oz),beverages,"('Naked Juice Coconut Water Pure ', ' 33.8 Fl. Oz.')",True, 33.8 Fl. Oz.,Naked Juice Coconut Water Pure 
199,Your Price $3.29 each,Vita Coco Pressed Coconut Water Pineapple - 16.9 Fl. Oz.,($0.19 / Fl.oz),beverages,"('Vita Coco Pressed Coconut Water Pineapple ', ' 16.9 Fl. Oz.')",True, 16.9 Fl. Oz.,Vita Coco Pressed Coconut Water Pineapple 
200,Your Price $4.99 each,Taste Nirvana Coconut Water - 16.2 Fl. Oz.,($0.31 / Fl.oz),beverages,"('Taste Nirvana Coconut Water ', ' 16.2 Fl. Oz.')",True, 16.2 Fl. Oz.,Taste Nirvana Coconut Water 
201,Your Price $2.49 each,coco libre Coconut Water Organic with Pineapple - 11 Fl. Oz.,($0.07 / Fl.oz),beverages,"('coco libre Coconut Water Organic with Pineapple ', ' 11 Fl. Oz.')",True, 11 Fl. Oz.,coco libre Coconut Water Organic with Pineapple 
202,Your Price $3.50 each,Health-Ade Kombucha Pink Lady Apple - 16 Fl. Oz.,($0.22 / Fl.oz),beverages,"('Health Ade Kombucha Pink Lady Apple', '16 Fl. Oz.')",True,16 Fl. Oz.,Health Ade Kombucha Pink Lady Apple
203,Your Price $3.99 each,KeVita Master Brew Pineapple Peach Kombucha - 15.2 Fl. Oz,($0.26 / Fl.oz),beverages,"('KeVita Master Brew Pineapple Peach Kombucha ', ' 15.2 Fl. Oz')",True, 15.2 Fl. Oz,KeVita Master Brew Pineapple Peach Kombucha 
204,Your Price $3.99 each,GT's Synergy Trilogy Kombucha - 16 Fl. Oz.,($0.25 / Fl.oz),beverages,"(""GT's Synergy Trilogy Kombucha "", ' 16 Fl. Oz.')",True, 16 Fl. Oz.,GT's Synergy Trilogy Kombucha 
205,Your Price $3.99 each,KeVita Kombucha Master Brew Raspberry Lemon - 15.2 Fl. Oz.,($0.26 / Fl.oz),beverages,"('KeVita Kombucha Master Brew Raspberry Lemon ', ' 15.2 Fl. Oz.')",True, 15.2 Fl. Oz.,KeVita Kombucha Master Brew Raspberry Lemon 
206,Your Price $3.50 each,Health-Ade Kombucha Pomegranate - 16 Fl. Oz.,($0.22 / Fl.oz),beverages,"('Health Ade Kombucha Pomegranate', '16 Fl. Oz.')",True,16 Fl. Oz.,Health Ade Kombucha Pomegranate
207,Your Price $9.99 each,GT's Synergy Gingerberry Kombucha - 48 Fl. Oz.,($0.21 / Fl.oz),beverages,"(""GT's Synergy Gingerberry Kombucha "", ' 48 Fl. Oz.')",True, 48 Fl. Oz.,GT's Synergy Gingerberry Kombucha 
208,Your Price $9.99 each,Gts Enlightened Kombucha Gingerade - 48 Fl. Oz.,($0.21 / Fl.oz),beverages,"('Gts Enlightened Kombucha Gingerade ', ' 48 Fl. Oz.')",True, 48 Fl. Oz.,Gts Enlightened Kombucha Gingerade 
209,Your Price $3.99 each,GT's Synergy Guava Goddess Organic Kombucha - 16.2 Fl. Oz.,($0.25 / Fl.oz),beverages,"(""GT's Synergy Guava Goddess Organic Kombucha "", ' 16.2 Fl. Oz.')",True, 16.2 Fl. Oz.,GT's Synergy Guava Goddess Organic Kombucha 
210,Your Price $3.99 each,GT's Synergy Tangerine Dream Kombucha - 16 Fl. Oz.,($0.25 / Fl.oz),beverages,"(""GT's Synergy Tangerine Dream Kombucha "", ' 16 Fl. Oz.')",True, 16 Fl. Oz.,GT's Synergy Tangerine Dream Kombucha 
211,Your Price $3.99 each,Gt Enlightened Kombucha Peach Paradise - 16 FZ,($0.25 / Fl.oz),beverages,"('Gt Enlightened Kombucha Peach Paradise ', ' 16 FZ')",True, 16 FZ,Gt Enlightened Kombucha Peach Paradise 
212,Your Price $2.50 each,Brew Dr. Kombucha Kombucha Clear Mind - 14 Fl. Oz.,($0.18 / Fl.oz),beverages,"('Brew Dr. Kombucha Kombucha Clear Mind ', ' 14 Fl. Oz.')",True, 14 Fl. Oz.,Brew Dr. Kombucha Kombucha Clear Mind 
213,Your Price $3.99 each,GT's Synergy Lemon Berry Kombucha - 16 Fl. Oz.,($0.25 / Fl.oz),beverages,"(""GT's Synergy Lemon Berry Kombucha "", ' 16 Fl. Oz.')",True, 16 Fl. Oz.,GT's Synergy Lemon Berry Kombucha 
214,Your Price $3.99 each,GT's Synergy Gingerade Kombucha - 16 Fl. Oz.,($0.25 / Fl.oz),beverages,"(""GT's Synergy Gingerade Kombucha "", ' 16 Fl. Oz.')",True, 16 Fl. Oz.,GT's Synergy Gingerade Kombucha 
215,Your Price $3.50 each,Health-Ade Kombucha Ginger-Lemon - 16 Fl. Oz.,($0.22 / Fl.oz),beverages,"('Health Ade Kombucha GingerLemon', '16 Fl. Oz.')",True,16 Fl. Oz.,Health Ade Kombucha GingerLemon
216,Your Price $3.99 each,GT's Synergy Mystic Mango Kombucha - 16 Fl. Oz.,($0.25 / Fl.oz),beverages,"(""GT's Synergy Mystic Mango Kombucha "", ' 16 Fl. Oz.')",True, 16 Fl. Oz.,GT's Synergy Mystic Mango Kombucha 
217,Your Price $2.50 each,Brew Dr. Kombucha Kombucha Love - 14 Fl. Oz.,($0.18 / Fl.oz),beverages,"('Brew Dr. Kombucha Kombucha Love ', ' 14 Fl. Oz.')",True, 14 Fl. Oz.,Brew Dr. Kombucha Kombucha Love 
218,Your Price $3.99 each,KeVita Sparkling Probiotic Drink Lemon Ginger - 15.2 Fl. Oz.,($0.26 / Fl.oz),beverages,"('KeVita Sparkling Probiotic Drink Lemon Ginger ', ' 15.2 Fl. Oz.')",True, 15.2 Fl. Oz.,KeVita Sparkling Probiotic Drink Lemon Ginger 
219,Your Price $3.99 each,GT's Synergy Gingerberry Organic Kombucha- 16.2 Fl. Oz.,($0.25 / Fl.oz),beverages,"(""GT's Synergy Gingerberry Organic Kombucha"", ' 16.2 Fl. Oz.')",True, 16.2 Fl. Oz.,GT's Synergy Gingerberry Organic Kombucha
220,Your Price $3.99 each,KeVita Sparkling Mojita Probiotic Drink - 15.2 Fl. Oz.,($0.26 / Fl.oz),beverages,"('KeVita Sparkling Mojita Probiotic Drink ', ' 15.2 Fl. Oz.')",True, 15.2 Fl. Oz.,KeVita Sparkling Mojita Probiotic Drink 
221,Your Price $3.99 each,KeVita Turmeric Ginger Tonic Probiotic Drink- 15.2 Fl. Oz.,($0.26 / Fl.oz),beverages,"('KeVita Turmeric Ginger Tonic Probiotic Drink', ' 15.2 Fl. Oz.')",True, 15.2 Fl. Oz.,KeVita Turmeric Ginger Tonic Probiotic Drink
222,Your Price $3.50 each,Health Ade Kombucha Sweet Thorn Super Tea - 16 Fl. Oz.,($0.22 / Fl.oz),beverages,"('Health Ade Kombucha Sweet Thorn Super Tea ', ' 16 Fl. Oz.')",True, 16 Fl. Oz.,Health Ade Kombucha Sweet Thorn Super Tea 
223,Your Price $3.99 each,Kevita Master Brew Kombucha Blueberry Basil - 15.2 Fl. Oz.,($0.26 / Fl.oz),beverages,"('Kevita Master Brew Kombucha Blueberry Basil ', ' 15.2 Fl. Oz.')",True, 15.2 Fl. Oz.,Kevita Master Brew Kombucha Blueberry Basil 
224,Your Price $3.99 each,GTs Enlightened Kombucha Botanic No. 7 - 16 Fl. Oz.,($0.25 / Fl.oz),beverages,"('GTs Enlightened Kombucha Botanic No. 7 ', ' 16 Fl. Oz.')",True, 16 Fl. Oz.,GTs Enlightened Kombucha Botanic No. 7 
225,Your Price $1.50 each,Clearly Raspberry Ginger Kombucha - 14 Fl. Oz.,($0.93 / Ounce),beverages,"('Clearly Raspberry Ginger Kombucha ', ' 14 Fl. Oz.')",True, 14 Fl. Oz.,Clearly Raspberry Ginger Kombucha 
226,Your Price $1.99 each,KOE Organic Kombucha Mango - 12 Fl. Oz.,($0.17 / Fl.oz),beverages,"('KOE Organic Kombucha Mango ', ' 12 Fl. Oz.')",True, 12 Fl. Oz.,KOE Organic Kombucha Mango 
227,Your Price $1.99 each,KOE Organic Kombucha Raspberry Dragonfruit - 12 Fl. Oz.,($0.17 / Fl.oz),beverages,"('KOE Organic Kombucha Raspberry Dragonfruit ', ' 12 Fl. Oz.')",True, 12 Fl. Oz.,KOE Organic Kombucha Raspberry Dragonfruit 
228,Your Price $39.99 each,GT's Synergy Trilogy Kombucha Case - 12-16 Fl. Oz.,($0.21 / Fl.oz),beverages,"(""GT's Synergy Trilogy Kombucha Case  "", '12-16 Fl. Oz.')",True,12-16 Fl. Oz.,GT's Synergy Trilogy Kombucha Case  
229,Your Price $6.00 each,Bakery Bulk Assorted Dozen Donuts - Each,($6.00 / Each),bread-bakery,"('Bakery Bulk Assorted Dozen Donuts ', ' Each')",True, Each,Bakery Bulk Assorted Dozen Donuts 
230,Your Price $4.49 each,Thomas' Original Nooks & Crannies English Muffins - 6 Count,($0.35 / Ounce),bread-bakery,"(""Thomas' Original Nooks & Crannies English Muffins "", ' 6 Count')",True, 6 Count,Thomas' Original Nooks & Crannies English Muffins 
231,Your Price $4.99 each,Fresh Baked Cinnamon Rolls With Cream Cheese - 4 Count,($4.99 / Each),bread-bakery,"('Fresh Baked Cinnamon Rolls With Cream Cheese ', ' 4 Count')",True, 4 Count,Fresh Baked Cinnamon Rolls With Cream Cheese 
232,Your Price $4.29 each,Thomas' Seasonal Pumpkin Spice Swirl Bread - 16 Oz,($0.27 / Ounce),bread-bakery,"(""Thomas' Seasonal Pumpkin Spice Swirl Bread "", ' 16 Oz')",True, 16 Oz,Thomas' Seasonal Pumpkin Spice Swirl Bread 
233,Your Price $5.99 each,Fresh Baked Apple Turnover - 4 Ct,($5.99 / Each),bread-bakery,"('Fresh Baked Apple Turnover ', ' 4 Ct')",True, 4 Ct,Fresh Baked Apple Turnover 
234,Your Price $5.99 each,Fresh Baked Cherry Turnover 4 Count,($5.99 / Each),bread-bakery,"('Fresh Baked Cherry Turnover ', '4 Count')",False,4 Count,Fresh Baked Cherry Turnover 
235,Your Price $4.99 each,Fresh Baked Cinnamon Rolls - 4 Count,($4.99 / Each),bread-bakery,"('Fresh Baked Cinnamon Rolls ', ' 4 Count')",True, 4 Count,Fresh Baked Cinnamon Rolls 
236,Your Price $4.29 each,Thomas' Cinnamon Swirl Bread - 16 Oz,($0.27 / Ounce),bread-bakery,"(""Thomas' Cinnamon Swirl Bread "", ' 16 Oz')",True, 16 Oz,Thomas' Cinnamon Swirl Bread 
237,Your Price $4.49 each,Thomas' Light Multi-Grain English Muffins - 12 Oz,($0.37 / Ounce),bread-bakery,"(""Thomas' Light Multi Grain English Muffins"", '12 Oz')",True,12 Oz,Thomas' Light Multi Grain English Muffins
238,Your Price $4.29 each,Thomas' Cinnamon Raisin Swirl Bread - 16 Oz,($4.29 / Lb),bread-bakery,"(""Thomas' Cinnamon Raisin Swirl Bread "", ' 16 Oz')",True, 16 Oz,Thomas' Cinnamon Raisin Swirl Bread 
239,Your Price $6.00 each,Bakery Croissant Mini 14 Count - Each,($6.00 / Each),bread-bakery,"('Bakery Croissant Mini 14 Count ', ' Each')",True, Each,Bakery Croissant Mini 14 Count 
240,Your Price $3.99 each,Bays Original English Muffins - 6 Count,($0.33 / Ounce),bread-bakery,"('Bays Original English Muffins ', ' 6 Count')",True, 6 Count,Bays Original English Muffins 
241,Your Price $3.49 each,Entenmann's Minis Apple Snack Pies - 12 Oz,($0.29 / Ounce),bread-bakery,"(""Entenmann's Minis Apple Snack Pies "", ' 12 Oz')",True, 12 Oz,Entenmann's Minis Apple Snack Pies 
242,Your Price $6.00 each,Fresh Baked Everyday Assorted Donuts - 12 Count,($6.00 / Each),bread-bakery,"('Fresh Baked Everyday Assorted Donuts ', ' 12 Count')",True, 12 Count,Fresh Baked Everyday Assorted Donuts 
243,Your Price $4.69 each,Fresh Baked All Butter Croissant - 4 Count,($4.69 / Each),bread-bakery,"('Fresh Baked All Butter Croissant ', ' 4 Count')",True, 4 Count,Fresh Baked All Butter Croissant 
244,Your Price $6.00 each,Fresh Baked Coffee Cheese Lattice Cake - Each,($6.00 / Each),bread-bakery,"('Fresh Baked Coffee Cheese Lattice Cake ', ' Each')",True, Each,Fresh Baked Coffee Cheese Lattice Cake 
245,Your Price $6.00 each,Bakery Cake Coffee Cherry Lattice - Each,($6.00 / Each),bread-bakery,"('Bakery Cake Coffee Cherry Lattice ', ' Each')",True, Each,Bakery Cake Coffee Cherry Lattice 
246,Your Price $6.00 each,Bakery Cake Coffee Braided Butter Filled - Each,($6.00 / Each),bread-bakery,"('Bakery Cake Coffee Braided Butter Filled ', ' Each')",True, Each,Bakery Cake Coffee Braided Butter Filled 
247,Your Price $4.29 each,Thomas' Banana Swirl Bread - 16 Oz,($0.27 / Ounce),bread-bakery,"(""Thomas' Banana Swirl Bread "", ' 16 Oz')",True, 16 Oz,Thomas' Banana Swirl Bread 
248,Your Price $3.49 each,Entenmann's Minis Cherry Snack Pies - 6 Count,($0.29 / Ounce),bread-bakery,"(""Entenmann's Minis Cherry Snack Pies "", ' 6 Count')",True, 6 Count,Entenmann's Minis Cherry Snack Pies 
249,Your Price $4.49 each,Thomas' Cinnamon Raisin English Muffins - 13 Oz,($0.35 / Ounce),bread-bakery,"(""Thomas' Cinnamon Raisin English Muffins "", ' 13 Oz')",True, 13 Oz,Thomas' Cinnamon Raisin English Muffins 
250,Your Price $3.00 each,Hostess Donettes Powdered Mini Donuts 8 Count - 12.0 Oz,($0.25 / Ounce),bread-bakery,"('Hostess Donettes Powdered Mini Donuts 8 Count ', ' 12.0 Oz')",True, 12.0 Oz,Hostess Donettes Powdered Mini Donuts 8 Count 
251,Your Price $6.00 each,Fresh Baked Coffee Raspberry Cheese Lattice Cake - Each,($6.00 / Each),bread-bakery,"('Fresh Baked Coffee Raspberry Cheese Lattice Cake ', ' Each')",True, Each,Fresh Baked Coffee Raspberry Cheese Lattice Cake 
252,Your Price $4.49 each,Thomas' Limited Edition Buttermilk English Muffins - 13 Oz,($0.35 / Ounce),bread-bakery,"(""Thomas' Limited Edition Buttermilk English Muffins "", ' 13 Oz')",True, 13 Oz,Thomas' Limited Edition Buttermilk English Muffins 
253,Your Price $3.99 each,Donuts Everyday 6 Count,($3.99 / Each),bread-bakery,"('Donuts Everyday ', '6 Count')",False,6 Count,Donuts Everyday 
254,Your Price $6.00 each,Bakery Cake Coffee Apple Lattice Danish - Each,($6.00 / Each),bread-bakery,"('Bakery Cake Coffee Apple Lattice Danish ', ' Each')",True, Each,Bakery Cake Coffee Apple Lattice Danish 
255,Your Price $4.49 each,Thomas' 100% Whole Wheat English Muffins - 12 Oz,($0.35 / Ounce),bread-bakery,"(""Thomas' 100% Whole Wheat English Muffins "", ' 12 Oz')",True, 12 Oz,Thomas' 100% Whole Wheat English Muffins 
256,$6.00 ,Fresh Baked Pecan Butter Filled Braided Coffee Cake,($6.00 / Each),bread-bakery,Fresh Baked Pecan Butter Filled Braided Coffee Cake,False, Each,F
257,Your Price $19.99 each,Bakery Cake 8 Inch 2 Layer Variety - Each,($0.43 / Ounce),bread-bakery,"('Bakery Cake 8 Inch 2 Layer Variety ', ' Each')",True, Each,Bakery Cake 8 Inch 2 Layer Variety 
258,Your Price $12.99 each,Bakery Cake 8 Inch Crav Inch Carrot - Each,($12.99 / Each),bread-bakery,"('Bakery Cake 8 Inch Crav Inch Carrot ', ' Each')",True, Each,Bakery Cake 8 Inch Crav Inch Carrot 
259,Your Price $11.99 each,Signature Select Cake Chocolate Decadent Gluten Free - 16 Oz,($0.75 / Ounce),bread-bakery,"('Signature Select Cake Chocolate Decadent Gluten Free ', ' 16 Oz')",True, 16 Oz,Signature Select Cake Chocolate Decadent Gluten Free 
260,Your Price $3.00 each,Hostess Baby Bundts Lemon Drizzle Cakes 8 Count - 10 Oz,($0.30 / Ounce),bread-bakery,"('Hostess Baby Bundts Lemon Drizzle Cakes 8 Count ', ' 10 Oz')",True, 10 Oz,Hostess Baby Bundts Lemon Drizzle Cakes 8 Count 
261,Your Price $6.99 each,Cafe Valley Lemon Ring 7Up Cake - Each,($0.27 / Ounce),bread-bakery,"('Cafe Valley Lemon Ring 7Up Cake ', ' Each')",True, Each,Cafe Valley Lemon Ring 7Up Cake 
262,Your Price $5.29 each,Hostess Ding Dongs Creepy Caramel  10 Count - 12.7 Oz,($5.29 / Each),bread-bakery,"('Hostess Ding Dongs Creepy Caramel  10 Count ', ' 12.7 Oz')",True, 12.7 Oz,Hostess Ding Dongs Creepy Caramel  10 Count 
263,Your Price $1.67 each,Hostess Baby Bundts Lemon Drizzle Cakes - 2.5 Oz,($0.67 / Ounce),bread-bakery,"('Hostess Baby Bundts Lemon Drizzle Cakes ', ' 2.5 Oz')",True, 2.5 Oz,Hostess Baby Bundts Lemon Drizzle Cakes 
264,Your Price $19.99 each,Bakery Cake 8 Inch 2 Layer Chocolate Fudge Iced - Each,($19.99 / Each),bread-bakery,"('Bakery Cake 8 Inch 2 Layer Chocolate Fudge Iced ', ' Each')",True, Each,Bakery Cake 8 Inch 2 Layer Chocolate Fudge Iced 
265,Your Price $12.99 each,Bakery German Chocolate Cake 8 Inch 1 Layer - Each,($12.99 / Each),bread-bakery,"('Bakery German Chocolate Cake 8 Inch 1 Layer ', ' Each')",True, Each,Bakery German Chocolate Cake 8 Inch 1 Layer 
266,Your Price $19.99 each,Bakery Cake 8 Inch 2 Layer Red Velvet - Each,($19.99 / Each),bread-bakery,"('Bakery Cake 8 Inch 2 Layer Red Velvet ', ' Each')",True, Each,Bakery Cake 8 Inch 2 Layer Red Velvet 
267,Your Price $5.00 each,Signature Select Seasons Cake Roll Pumpkin - 18 Oz,($0.28 / Ounce),bread-bakery,"('Signature Select Seasons Cake Roll Pumpkin ', ' 18 Oz')",True, 18 Oz,Signature Select Seasons Cake Roll Pumpkin 
268,Your Price $5.00 each,The Fathers Table Chocolate Roll Cake - 18 Oz,($0.28 / Ounce),bread-bakery,"('The Fathers Table Chocolate Roll Cake ', ' 18 Oz')",True, 18 Oz,The Fathers Table Chocolate Roll Cake 
269,Your Price $6.00 each,Cafe Valley Bakery Cake Bundt Lemon - Each,($0.38 / Ounce),bread-bakery,"('Cafe Valley Bakery Cake Bundt Lemon ', ' Each')",True, Each,Cafe Valley Bakery Cake Bundt Lemon 
270,Your Price $19.99 each,Bakery Cake 8 Inch 2 Layer Prem German Chocolate - Each,($19.99 / Each),bread-bakery,"('Bakery Cake 8 Inch 2 Layer Prem German Chocolate ', ' Each')",True, Each,Bakery Cake 8 Inch 2 Layer Prem German Chocolate 
271,Your Price $3.99 each,Sliced Marble Creme Cake - 14 Oz,($0.29 / Ounce),bread-bakery,"('Sliced Marble Creme Cake ', ' 14 Oz')",True, 14 Oz,Sliced Marble Creme Cake 
272,Your Price $12.99 each,Bakery Cake 8 Inch 1 Layer Cookies N Creme - Each,($12.99 / Each),bread-bakery,"('Bakery Cake 8 Inch 1 Layer Cookies N Creme ', ' Each')",True, Each,Bakery Cake 8 Inch 1 Layer Cookies N Creme 
273,Your Price $15.49 each,Bakery Cake 5 Inch Candy - Each,($15.49 / Each),bread-bakery,"('Bakery Cake 5 Inch Candy ', ' Each')",True, Each,Bakery Cake 5 Inch Candy 
274,Your Price $12.99 each,Fresh Baked Chocolate Fudge Iced Cake 8 Inch 1 Layer - Each,($12.99 / Each),bread-bakery,"('Fresh Baked Chocolate Fudge Iced Cake 8 Inch 1 Layer ', ' Each')",True, Each,Fresh Baked Chocolate Fudge Iced Cake 8 Inch 1 Layer 
275,Your Price $4.29 each,In-store Bakery Pound Cake - EA,($4.29 / Each),bread-bakery,"('In store Bakery Pound Cake', 'EA')",True,EA,In store Bakery Pound Cake
276,Your Price $5.29 each,Two Bite Oreo Mini Cupcakes - 9.6 OZ,($0.55 / Ounce),bread-bakery,"('Two Bite Oreo Mini Cupcakes ', ' 9.6 OZ')",True, 9.6 OZ,Two Bite Oreo Mini Cupcakes 
277,Your Price $3.00 each,Hostess Baby Bundts Cinnamon Swirl Cakes 8 Count - 10 Oz,($0.30 / Ounce),bread-bakery,"('Hostess Baby Bundts Cinnamon Swirl Cakes 8 Count ', ' 10 Oz')",True, 10 Oz,Hostess Baby Bundts Cinnamon Swirl Cakes 8 Count 
278,Your Price $10.99 each,Bakery Cake 5 Inch 2 Layer Flavor Iced Cake - Each,($10.99 / Each),bread-bakery,"('Bakery Cake 5 Inch 2 Layer Flavor Iced Cake ', ' Each')",True, Each,Bakery Cake 5 Inch 2 Layer Flavor Iced Cake 
279,$4.49 ,Cake Choc Raspberry Colossal Cake Slice,($4.49 / Each),bread-bakery,Cake Choc Raspberry Colossal Cake Slice,False, Each,C
280,Your Price $29.99 each,Bakery Cake 1/4 Sheet Double Dutch Fudge - Each,($29.99 / Each),bread-bakery,"('Bakery Cake 1/4 Sheet Double Dutch Fudge ', ' Each')",True, Each,Bakery Cake 1/4 Sheet Double Dutch Fudge 
281,Your Price $2.69 each,Signature SELECT Dessert Shells - 6 Count,($0.54 / Ounce),bread-bakery,"('Signature SELECT Dessert Shells ', ' 6 Count')",True, 6 Count,Signature SELECT Dessert Shells 
282,Your Price $23.99 each,Pound Cake Butter Sliced - EA,($23.99 / Each),bread-bakery,"('Pound Cake Butter Sliced ', ' EA')",True, EA,Pound Cake Butter Sliced 
283,Your Price $7.00 each,Cupcakes Bettercream 10ct,($7.00 / Each),bread-bakery,"('Cupcakes Bettercream ', '10ct')",False,10ct,Cupcakes Bettercream 
284,Your Price $5.49 each,Entenmann's Little Bites Party Cake Mini Muffins - 20 Count,($0.67 / Ounce),bread-bakery,"(""Entenmann's Little Bites Party Cake Mini Muffins "", ' 20 Count')",True, 20 Count,Entenmann's Little Bites Party Cake Mini Muffins 
285,Your Price $3.50 each,Bakery Sugar Cookies 18 Count - Each,($3.50 / Each),bread-bakery,"('Bakery Sugar Cookies 18 Count ', ' Each')",True, Each,Bakery Sugar Cookies 18 Count 
286,Your Price $5.49 each,Entenmann's Little Bites Banana Mini Muffins - 5 Count,($0.67 / Ounce),bread-bakery,"(""Entenmann's Little Bites Banana Mini Muffins "", ' 5 Count')",True, 5 Count,Entenmann's Little Bites Banana Mini Muffins 
287,Your Price $7.99 each,Signature SELECT Duet Bites - 24 Oz,($7.99 / Each),bread-bakery,"('Signature SELECT Duet Bites ', ' 24 Oz')",True, 24 Oz,Signature SELECT Duet Bites 
288,Your Price $4.99 each,Signature Select Pink Frosted Sugar Cookies - 13.5 OZ,($0.37 / Ounce),bread-bakery,"('Signature Select Pink Frosted Sugar Cookies ', ' 13.5 OZ')",True, 13.5 OZ,Signature Select Pink Frosted Sugar Cookies 
289,Your Price $3.50 each,Fresh Baked Oatmeal Raisin Cookies - 18 Count,($3.50 / Each),bread-bakery,"('Fresh Baked Oatmeal Raisin Cookies ', ' 18 Count')",True, 18 Count,Fresh Baked Oatmeal Raisin Cookies 
290,Your Price $3.50 each,Fresh Baked Brownie Cookies - 18 Count,($3.50 / Each),bread-bakery,"('Fresh Baked Brownie Cookies ', ' 18 Count')",True, 18 Count,Fresh Baked Brownie Cookies 
291,Your Price $5.49 each,Entenmann's Little Bites Blueberry Mini Muffins - 8.25 Oz,($0.67 / Ounce),bread-bakery,"(""Entenmann's Little Bites Blueberry Mini Muffins "", ' 8.25 Oz')",True, 8.25 Oz,Entenmann's Little Bites Blueberry Mini Muffins 
292,Your Price $6.00 each,Brookies - 4 Count,($6.00 / Each),bread-bakery,"('Brookies ', ' 4 Count')",True, 4 Count,Brookies 
293,Your Price $7.29 each,Entenmann's Softees Variety Pack Donuts - 12 Count,($0.39 / Ounce),bread-bakery,"(""Entenmann's Softees Variety Pack Donuts "", ' 12 Count')",True, 12 Count,Entenmann's Softees Variety Pack Donuts 
294,Your Price $4.99 each,Signature Select White Frosted Sugar Cookies - 13.5 OZ,($0.37 / Ounce),bread-bakery,"('Signature Select White Frosted Sugar Cookies ', ' 13.5 OZ')",True, 13.5 OZ,Signature Select White Frosted Sugar Cookies 
295,$7.99 ,Signature Select Mini Palmiers,($7.99 / Each),bread-bakery,Signature Select Mini Palmiers,False, Each,S
296,Your Price $6.29 each,Entenmann's All Butter Loaf Cake - 11.5 Oz,($0.55 / Ounce),bread-bakery,"(""Entenmann's All Butter Loaf Cake "", ' 11.5 Oz')",True, 11.5 Oz,Entenmann's All Butter Loaf Cake 
297,Your Price $12.99 each,Bakery 12 Inch Message Cookie - Each,($12.99 / Each),bread-bakery,"('Bakery 12 Inch Message Cookie ', ' Each')",True, Each,Bakery 12 Inch Message Cookie 
298,Your Price $3.99 each,Hostess Donettes Powdered Sugar Mini Donuts Bag - 10 Oz,($0.40 / Ounce),bread-bakery,"('Hostess Donettes Powdered Sugar Mini Donuts Bag ', ' 10 Oz')",True, 10 Oz,Hostess Donettes Powdered Sugar Mini Donuts Bag 
299,Your Price $2.29 each,In-store Bakery Cookies Jumbo Cranberry Oatmeal 2 Count - EA,($2.29 / Each),bread-bakery,"('In store Bakery Cookies Jumbo Cranberry Oatmeal 2 Count', 'EA')",True,EA,In store Bakery Cookies Jumbo Cranberry Oatmeal 2 Count
300,Your Price $7.99 each,Signature SELECT Madeleines Cookie - 14 Oz,($7.99 / Each),bread-bakery,"('Signature SELECT Madeleines Cookie ', ' 14 Oz')",True, 14 Oz,Signature SELECT Madeleines Cookie 
301,Your Price $6.00 each,Bakery Brownies Plain Fudge Iced 4 Count,($6.00 / Each),bread-bakery,"('Bakery Brownies Plain Fudge Iced ', '4 Count')",False,4 Count,Bakery Brownies Plain Fudge Iced 
302,Your Price $3.49 each,Cag Sourdough Square Sliced - 24 Oz,($0.15 / Ounce),bread-bakery,"('Cag Sourdough Square Sliced ', ' 24 Oz')",True, 24 Oz,Cag Sourdough Square Sliced 
303,Your Price $5.99 each,Entenmann's Rich Frosted Donuts - 8 Count,($0.36 / Ounce),bread-bakery,"(""Entenmann's Rich Frosted Donuts "", ' 8 Count')",True, 8 Count,Entenmann's Rich Frosted Donuts 
304,Your Price $6.99 each,Bakery Chocolate Chunk Cookies 8 Count - Each,($6.99 / Each),bread-bakery,"('Bakery Chocolate Chunk Cookies 8 Count ', ' Each')",True, Each,Bakery Chocolate Chunk Cookies 8 Count 
305,Your Price $6.00 each,Cookies Susan Fudge Filled 24ct,($6.00 / Each),bread-bakery,"('Cookies Susan Fudge Filled ', '24ct')",False,24ct,Cookies Susan Fudge Filled 
306,Your Price $2.59 each,Little Debbie Rolls Swiss - 12 Count,($0.19 / Ounce),bread-bakery,"('Little Debbie Rolls Swiss ', ' 12 Count')",True, 12 Count,Little Debbie Rolls Swiss 
307,Your Price $8.99 each,Kings Hawaiian Original Sweet Rolls - 24 Oz.,($0.37 / Ounce),bread-bakery,"('Kings Hawaiian Original Sweet Rolls ', ' 24 Oz.')",True, 24 Oz.,Kings Hawaiian Original Sweet Rolls 
308,Your Price $3.79 each,Ball Park White Hot Dog Buns - 13 Oz,($0.27 / Ounce),bread-bakery,"('Ball Park White Hot Dog Buns ', ' 13 Oz')",True, 13 Oz,Ball Park White Hot Dog Buns 
309,Your Price $4.99 each,Kings Hawaiian Original Sweet Rolls - 12 Oz.,($0.42 / Ounce),bread-bakery,"('Kings Hawaiian Original Sweet Rolls ', ' 12 Oz.')",True, 12 Oz.,Kings Hawaiian Original Sweet Rolls 
310,$0.56 ,Cheese Cake Factory Wheat Rolls,($0.56 / Ounce),bread-bakery,Cheese Cake Factory Wheat Rolls,False, Ounce,C
311,Your Price $3.79 each,Ball Park White Hamburger Buns - 15 Oz,($0.25 / Ounce),bread-bakery,"('Ball Park White Hamburger Buns ', ' 15 Oz')",True, 15 Oz,Ball Park White Hamburger Buns 
312,Your Price $4.99 each,Bakery Rolls Kasier - 6 Count,($4.99 / Each),bread-bakery,"('Bakery Rolls Kasier ', ' 6 Count')",True, 6 Count,Bakery Rolls Kasier 
313,Your Price $4.99 each,White Bolillo Rolls 6 Count - EA,($4.99 / Each),bread-bakery,"('White Bolillo Rolls 6 Count ', ' EA')",True, EA,White Bolillo Rolls 6 Count 
314,Your Price $2.19 each,King's Hawaiian Original Hawaiian Sweet Rolls - 4 Oz,($0.55 / Ounce),bread-bakery,"(""King's Hawaiian Original Hawaiian Sweet Rolls "", ' 4 Oz')",True, 4 Oz,King's Hawaiian Original Hawaiian Sweet Rolls 
315,Your Price $2.99 each,French Sandwich Rolls 4 Count - EA,($2.99 / Each),bread-bakery,"('French Sandwich Rolls 4 Count ', ' EA')",True, EA,French Sandwich Rolls 4 Count 
316,Your Price $3.99 each,Sara Lee Artesano Bakery Rolls - 19 Oz,($0.20 / Ounce),bread-bakery,"('Sara Lee Artesano Bakery Rolls ', ' 19 Oz')",True, 19 Oz,Sara Lee Artesano Bakery Rolls 
317,Your Price $2.49 each,Signature SELECT Buns Hot Dog Poppy Seed - 12 Oz,($0.21 / Ounce),bread-bakery,"('Signature SELECT Buns Hot Dog Poppy Seed ', ' 12 Oz')",True, 12 Oz,Signature SELECT Buns Hot Dog Poppy Seed 
318,Your Price $4.59 each,Martins Rolls Potato Sandwich 8 Count - 15 Oz,($0.31 / Ounce),bread-bakery,"('Martins Rolls Potato Sandwich 8 Count ', ' 15 Oz')",True, 15 Oz,Martins Rolls Potato Sandwich 8 Count 
319,Your Price $3.99 each,Sara Lee Artesano Bakery Sausage Rolls - 15 Oz,($0.27 / Ounce),bread-bakery,"('Sara Lee Artesano Bakery Sausage Rolls ', ' 15 Oz')",True, 15 Oz,Sara Lee Artesano Bakery Sausage Rolls 
320,Your Price $2.19 each,Lewis Bake Shop Brown N Serve Rolls 12ct - 11 OZ,($0.20 / Ounce),bread-bakery,"('Lewis Bake Shop Brown N Serve Rolls 12ct ', ' 11 OZ')",True, 11 OZ,Lewis Bake Shop Brown N Serve Rolls 12ct 
321,Your Price $6.99 each,St. Pierre Brioche Burger Buns - 4 Count,($1.00 / Ounce),bread-bakery,"('St. Pierre Brioche Burger Buns ', ' 4 Count')",True, 4 Count,St. Pierre Brioche Burger Buns 
322,Your Price $6.99 each,St. Pierre Brioche Rolls 8 Count - Each,($0.71 / Ounce),bread-bakery,"('St. Pierre Brioche Rolls 8 Count ', ' Each')",True, Each,St. Pierre Brioche Rolls 8 Count 
323,Your Price $4.59 each,Loves Deli Plain Rolls 6s - 15 Oz,($0.31 / Ounce),bread-bakery,"('Loves Deli Plain Rolls 6s ', ' 15 Oz')",True, 15 Oz,Loves Deli Plain Rolls 6s 
324,Your Price $5.99 each,Turano Roll Sub Soft - 16 Oz,($0.33 / Ounce),bread-bakery,"('Turano Roll Sub Soft ', ' 16 Oz')",True, 16 Oz,Turano Roll Sub Soft 
325,Your Price $4.29 each,Pepperidge Farm Sesame Topped Hamburger Buns Bag - 8 Count,($0.29 / Ounce),bread-bakery,"('Pepperidge Farm Sesame Topped Hamburger Buns Bag ', ' 8 Count')",True, 8 Count,Pepperidge Farm Sesame Topped Hamburger Buns Bag 
326,Your Price $4.79 each,Martins Hoagie Rolls - 20 Oz,($0.24 / Ounce),bread-bakery,"('Martins Hoagie Rolls ', ' 20 Oz')",True, 20 Oz,Martins Hoagie Rolls 
327,Your Price $3.99 each,Bakery Rolls Dinner Wheat - 12 Count,($3.99 / Each),bread-bakery,"('Bakery Rolls Dinner Wheat ', ' 12 Count')",True, 12 Count,Bakery Rolls Dinner Wheat 
328,Your Price $4.99 each,Signature SELECT Brioche Hamburger Buns 7.05 Oz - 4 Count,($0.71 / Ounce),bread-bakery,"('Signature SELECT Brioche Hamburger Buns 7.05 Oz ', ' 4 Count')",True, 4 Count,Signature SELECT Brioche Hamburger Buns 7.05 Oz 
329,Your Price $5.99 each,Turano Mini French Rolls - 16 Oz,($0.37 / Ounce),bread-bakery,"('Turano Mini French Rolls ', ' 16 Oz')",True, 16 Oz,Turano Mini French Rolls 
330,Your Price $3.99 each,Sara Lee Artesano Brioche Hamburger Buns - 8 CT,($0.25 / Ounce),bread-bakery,"('Sara Lee Artesano Brioche Hamburger Buns ', ' 8 CT')",True, 8 CT,Sara Lee Artesano Brioche Hamburger Buns 
331,Your Price $9.99 each,Signature SELECT 4 Variety Cheesecake 6 Inch - 16 Oz,($0.62 / Ounce),bread-bakery,"('Signature SELECT 4 Variety Cheesecake 6 Inch ', ' 16 Oz')",True, 16 Oz,Signature SELECT 4 Variety Cheesecake 6 Inch 
332,Your Price $7.99 each,Fresh Baked Harvest Apple Pie - 8 Inch,($7.99 / Each),bread-bakery,"('Fresh Baked Harvest Apple Pie ', ' 8 Inch')",True, 8 Inch,Fresh Baked Harvest Apple Pie 
333,Your Price $3.99 each,Signature Select Cheesecake Bar Lemon Mascarpone - 5 OZ,($0.80 / Ounce),bread-bakery,"('Signature Select Cheesecake Bar Lemon Mascarpone ', ' 5 OZ')",True, 5 OZ,Signature Select Cheesecake Bar Lemon Mascarpone 
334,Your Price $3.99 each,Signature Select Cheesecake Bar Cookies N Cream - 5 OZ,($0.80 / Ounce),bread-bakery,"('Signature Select Cheesecake Bar Cookies N Cream ', ' 5 OZ')",True, 5 OZ,Signature Select Cheesecake Bar Cookies N Cream 
335,$9.99 ,Bakery Pie Pecan 8 Inch,($9.99 / Each),bread-bakery,Bakery Pie Pecan 8 Inch,False, Each,B
336,Your Price $1.99 each,Signature Select Cherry Pie Mini - 4 OZ,($0.50 / Ounce),bread-bakery,"('Signature Select Cherry Pie Mini ', ' 4 OZ')",True, 4 OZ,Signature Select Cherry Pie Mini 
337,Your Price $17.49 each,Bakery Cake Cheesecake 7 Inch Fruit Topped - Each,($17.49 / Each),bread-bakery,"('Bakery Cake Cheesecake 7 Inch Fruit Topped ', ' Each')",True, Each,Bakery Cake Cheesecake 7 Inch Fruit Topped 
338,$10.99 ,Cake Torte Strawberry Shortcake,($10.99 / Each),bread-bakery,Cake Torte Strawberry Shortcake,False, Each,C
339,Your Price $3.99 each,Signature Select Chocolate Cream Pie - 7 Oz,($0.57 / Ounce),bread-bakery,"('Signature Select Chocolate Cream Pie ', ' 7 Oz')",True, 7 Oz,Signature Select Chocolate Cream Pie 
340,Your Price $3.99 each,Signature Select Cheesecake Bar Wild Blueberry - 5 OZ,($0.80 / Ounce),bread-bakery,"('Signature Select Cheesecake Bar Wild Blueberry ', ' 5 OZ')",True, 5 OZ,Signature Select Cheesecake Bar Wild Blueberry 
341,Your Price $12.99 each,Bakery Pie Cherry 9 Inch - Each,($12.99 / Each),bread-bakery,"('Bakery Pie Cherry 9 Inch ', ' Each')",True, Each,Bakery Pie Cherry 9 Inch 
342,Your Price $7.99 each,Fresh Baked Pumpkin Pie 8 Inch - Each,($7.99 / Each),bread-bakery,"('Fresh Baked Pumpkin Pie 8 Inch ', ' Each')",True, Each,Fresh Baked Pumpkin Pie 8 Inch 
343,Your Price $6.00 each,Cafe Valley Bakery Cake Bundt Pumpkin Cream Cheese - Each,($0.38 / Ounce),bread-bakery,"('Cafe Valley Bakery Cake Bundt Pumpkin Cream Cheese ', ' Each')",True, Each,Cafe Valley Bakery Cake Bundt Pumpkin Cream Cheese 
344,Your Price $16.99 each,Signature Select Artisan Fruit Topped Mousse Cake - Each,($16.99 / Each),bread-bakery,"('Signature Select Artisan Fruit Topped Mousse Cake ', ' Each')",True, Each,Signature Select Artisan Fruit Topped Mousse Cake 
345,Your Price $3.99 each,Banana Cream Pie - 7 Oz,($0.57 / Ounce),bread-bakery,"('Banana Cream Pie ', ' 7 Oz')",True, 7 Oz,Banana Cream Pie 
346,Your Price $1.99 each,Signature Select Apple Pie Mini - 4 OZ,($0.50 / Ounce),bread-bakery,"('Signature Select Apple Pie Mini ', ' 4 OZ')",True, 4 OZ,Signature Select Apple Pie Mini 
347,Your Price $8.99 each,Tart Pecan Gourmet - Each,($0.56 / Ounce),bread-bakery,"('Tart Pecan Gourmet ', ' Each')",True, Each,Tart Pecan Gourmet 
348,Your Price $21.99 each,Signature SELECT Cake Cheesecake Pumpkin Praline - Each,($21.99 / Each),bread-bakery,"('Signature SELECT Cake Cheesecake Pumpkin Praline ', ' Each')",True, Each,Signature SELECT Cake Cheesecake Pumpkin Praline 
349,Your Price $6.99 each,Bakery Half Cherry Pie - Each,($6.99 / Each),bread-bakery,"('Bakery Half Cherry Pie ', ' Each')",True, Each,Bakery Half Cherry Pie 
350,Your Price $4.49 each,Colossal Chocolate Ganache Cheesecake Slice - EA,($4.49 / Each),bread-bakery,"('Colossal Chocolate Ganache Cheesecake Slice ', ' EA')",True, EA,Colossal Chocolate Ganache Cheesecake Slice 
351,$8.99 ,Dfuit Tart Heart Shaped,($8.99 / Each),bread-bakery,Dfuit Tart Heart Shaped,False, Each,D
352,Your Price $3.99 each,Signature SELECT Lemon Cream Pie - 7 Oz,($0.57 / Ounce),bread-bakery,"('Signature SELECT Lemon Cream Pie ', ' 7 Oz')",True, 7 Oz,Signature SELECT Lemon Cream Pie 
353,$6.99 ,Pie Apple Honey Crisp Half,($6.99 / Each),bread-bakery,Pie Apple Honey Crisp Half,False, Each,P
354,Your Price $7.99 each,Bakery Pie Strawberry Rhubarb 8 Inch - Each,($7.99 / Each),bread-bakery,"('Bakery Pie Strawberry Rhubarb 8 Inch ', ' Each')",True, Each,Bakery Pie Strawberry Rhubarb 8 Inch 
355,Your Price $1.99 each,Signature Select Blueberry Pie Mini - 4 OZ,($0.50 / Ounce),bread-bakery,"('Signature Select Blueberry Pie Mini ', ' 4 OZ')",True, 4 OZ,Signature Select Blueberry Pie Mini 
356,Your Price $1.99 each,Signature Select Pecan Pie Mini - 3.25 OZ,($0.61 / Ounce),bread-bakery,"('Signature Select Pecan Pie Mini ', ' 3.25 OZ')",True, 3.25 OZ,Signature Select Pecan Pie Mini 
357,Your Price $1.99 each,Table Talk Mini Pecan Pie - 3.25 Oz,($0.61 / Ounce),bread-bakery,"('Table Talk Mini Pecan Pie ', ' 3.25 Oz')",True, 3.25 Oz,Table Talk Mini Pecan Pie 
358,Your Price $3.99 each,Signature Select Cheesecake Bar Strawberry Crumble - 5 OZ,($0.80 / Ounce),bread-bakery,"('Signature Select Cheesecake Bar Strawberry Crumble ', ' 5 OZ')",True, 5 OZ,Signature Select Cheesecake Bar Strawberry Crumble 
359,Your Price $6.29 each,Cheese Cake Factory Twin Wheat Baguette Twin - 10 Oz,($0.63 / Ounce),bread-bakery,"('Cheese Cake Factory Twin Wheat Baguette Twin ', ' 10 Oz')",True, 10 Oz,Cheese Cake Factory Twin Wheat Baguette Twin 
360,Your Price $4.99 each,Brownberry Country Butter Bread - 24 Oz,($0.21 / Ounce),bread-bakery,"('Brownberry Country Butter Bread ', ' 24 Oz')",True, 24 Oz,Brownberry Country Butter Bread 
361,Your Price $4.99 each,O Organics Organic Bread Loaves Twin French - Each,($0.03 / Ounce),bread-bakery,"('O Organics Organic Bread Loaves Twin French ', ' Each')",True, Each,O Organics Organic Bread Loaves Twin French 
362,Your Price $4.29 each,Brownberry Whole Grains Oatnut Bread - 18 Oz,($0.24 / Ounce),bread-bakery,"('Brownberry Whole Grains Oatnut Bread ', ' 18 Oz')",True, 18 Oz,Brownberry Whole Grains Oatnut Bread 
363,Your Price $2.49 each,Fresh Baked French Bread - Each,($0.18 / Ounce),bread-bakery,"('Fresh Baked French Bread ', ' Each')",True, Each,Fresh Baked French Bread 
364,Your Price $4.99 each,Brownberry Organic 22 Grains & Seeds Bread - 27 Oz,($0.18 / Ounce),bread-bakery,"('Brownberry Organic 22 Grains & Seeds Bread ', ' 27 Oz')",True, 27 Oz,Brownberry Organic 22 Grains & Seeds Bread 
365,Your Price $5.29 each,La Brea Bakery Bread Loaf Italian Round - 22 Oz,($5.29 / Each),bread-bakery,"('La Brea Bakery Bread Loaf Italian Round ', ' 22 Oz')",True, 22 Oz,La Brea Bakery Bread Loaf Italian Round 
366,Your Price $6.29 each,Cheese Cake Factory Wheat Sandwich Loaf - 17.7 Oz,($0.34 / Ounce),bread-bakery,"('Cheese Cake Factory Wheat Sandwich Loaf ', ' 17.7 Oz')",True, 17.7 Oz,Cheese Cake Factory Wheat Sandwich Loaf 
367,Your Price $3.99 each,Sara Lee Artesano Brioche Bakery Bread - 20 Oz,($0.20 / Ounce),bread-bakery,"('Sara Lee Artesano Brioche Bakery Bread ', ' 20 Oz')",True, 20 Oz,Sara Lee Artesano Brioche Bakery Bread 
368,Your Price $3.99 each,Signature Select Loaf Ciabatta Classic - 16 Oz,($0.25 / Ounce),bread-bakery,"('Signature Select Loaf Ciabatta Classic ', ' 16 Oz')",True, 16 Oz,Signature Select Loaf Ciabatta Classic 
369,Your Price $4.29 each,Brownberry Whole Grains 100% Whole Wheat Bread - 18 Oz,($0.24 / Ounce),bread-bakery,"('Brownberry Whole Grains 100% Whole Wheat Bread ', ' 18 Oz')",True, 18 Oz,Brownberry Whole Grains 100% Whole Wheat Bread 
370,Your Price $6.99 each,Bread Sourdough Izzio 24oz - 24.00 OZ,($0.29 / Ounce),bread-bakery,"('Bread Sourdough Izzio 24oz ', ' 24.00 OZ')",True, 24.00 OZ,Bread Sourdough Izzio 24oz 
371,Your Price $2.99 each,S Sel Pull Apart Baguette Rosemary - 9.00 OZ,($0.33 / Ounce),bread-bakery,"('S Sel Pull Apart Baguette Rosemary ', ' 9.00 OZ')",True, 9.00 OZ,S Sel Pull Apart Baguette Rosemary 
372,$2.99 ,Crusty Sourdough Round Frnch Brd,($2.99 / Each),bread-bakery,Crusty Sourdough Round Frnch Brd,False, Each,C
373,$3.89 ,Bakery Bread Crusty Pane Italiano,($3.89 / Each),bread-bakery,Bakery Bread Crusty Pane Italiano,False, Each,B
374,Your Price $2.49 each,Signature SELECT Bread Mini French Loaves - 2-7 Oz,($2.49 / Each),bread-bakery,"('Signature SELECT Bread Mini French Loaves  ', '2-7 Oz')",True,2-7 Oz,Signature SELECT Bread Mini French Loaves  
375,Your Price $4.99 each,O Organics Organic Bread Batard Country Italian - Each,($0.42 / Ounce),bread-bakery,"('O Organics Organic Bread Batard Country Italian ', ' Each')",True, Each,O Organics Organic Bread Batard Country Italian 
376,Your Price $5.49 each,Laromme Egg Challah Premium - 15 Oz,($0.37 / Ounce),bread-bakery,"('Laromme Egg Challah Premium ', ' 15 Oz')",True, 15 Oz,Laromme Egg Challah Premium 
377,Your Price $5.29 each,La Brea Bakery Roasted Garlic Loaf Bread - 16 Oz.,($5.29 / Each),bread-bakery,"('La Brea Bakery Roasted Garlic Loaf Bread ', ' 16 Oz.')",True, 16 Oz.,La Brea Bakery Roasted Garlic Loaf Bread 
378,Your Price $4.29 each,La Brea Bakery Bread French Baguette Large - 12.5 Oz,($4.29 / Each),bread-bakery,"('La Brea Bakery Bread French Baguette Large ', ' 12.5 Oz')",True, 12.5 Oz,La Brea Bakery Bread French Baguette Large 
379,Your Price $4.89 each,La Brea Bakery Sourdough Loaf Bread - 16 Oz.,($4.89 / Each),bread-bakery,"('La Brea Bakery Sourdough Loaf Bread ', ' 16 Oz.')",True, 16 Oz.,La Brea Bakery Sourdough Loaf Bread 
380,Your Price $4.99 each,Panera Sourdough Bread - 16 Oz,($0.31 / Ounce),bread-bakery,"('Panera Sourdough Bread ', ' 16 Oz')",True, 16 Oz,Panera Sourdough Bread 
381,Your Price $4.99 each,Aunt Millies Live Carb Smart White Bread - 14 OZ,($0.36 / Ounce),bread-bakery,"('Aunt Millies Live Carb Smart White Bread ', ' 14 OZ')",True, 14 OZ,Aunt Millies Live Carb Smart White Bread 
382,$3.89 ,Bakery Bread Soda Bread Irish,($3.89 / Each),bread-bakery,Bakery Bread Soda Bread Irish,False, Each,B
383,Your Price $4.79 each,Pepperidge Farm Bread 15 Grain Whole Grain - 22 Oz,($0.22 / Ounce),bread-bakery,"('Pepperidge Farm Bread 15 Grain Whole Grain ', ' 22 Oz')",True, 22 Oz,Pepperidge Farm Bread 15 Grain Whole Grain 
384,Your Price $2.99 each,S Sel Pull Apart Baguette Garlic - 9,($0.33 / Ounce),bread-bakery,"('S Sel Pull Apart Baguette Garlic ', ' 9')",True, 9,S Sel Pull Apart Baguette Garlic 
385,Your Price $5.29 each,La Brea Bakery Bread Loaf Whole Grain - 18 Oz,($5.29 / Each),bread-bakery,"('La Brea Bakery Bread Loaf Whole Grain ', ' 18 Oz')",True, 18 Oz,La Brea Bakery Bread Loaf Whole Grain 
386,Your Price $4.99 each,Pepperidge Farm Bread Honey White - 22 Oz,($0.23 / Ounce),bread-bakery,"('Pepperidge Farm Bread Honey White ', ' 22 Oz')",True, 22 Oz,Pepperidge Farm Bread Honey White 
387,Your Price $4.99 each,Pepperidge Farm Bread Hawaiian Farmhouse - 22 Oz,($0.23 / Ounce),bread-bakery,"('Pepperidge Farm Bread Hawaiian Farmhouse ', ' 22 Oz')",True, 22 Oz,Pepperidge Farm Bread Hawaiian Farmhouse 
388,Your Price $2.49 each,Bread Vienna - 14 Oz,($0.14 / Ounce),bread-bakery,"('Bread Vienna ', ' 14 Oz')",True, 14 Oz,Bread Vienna 
389,Your Price $2.69 each,Bread French European - 16 Oz,($0.17 / Ounce),bread-bakery,"('Bread French European ', ' 16 Oz')",True, 16 Oz,Bread French European 
390,Your Price $6.99 each,Lewis Bake Shop Healthy Life Keto Hawaiian Bread - 16 OZ,($0.44 / Ounce),bread-bakery,"('Lewis Bake Shop Healthy Life Keto Hawaiian Bread ', ' 16 OZ')",True, 16 OZ,Lewis Bake Shop Healthy Life Keto Hawaiian Bread 
391,Your Price $3.00 each,Sara Lee Honey Wheat Bread - 20 Oz,($0.15 / Ounce),bread-bakery,"('Sara Lee Honey Wheat Bread ', ' 20 Oz')",True, 20 Oz,Sara Lee Honey Wheat Bread 
392,Your Price $4.99 each,The Rustik Oven Non GMO Sourdough Bread - 16 Oz,($0.31 / Ounce),bread-bakery,"('The Rustik Oven Non GMO Sourdough Bread ', ' 16 Oz')",True, 16 Oz,The Rustik Oven Non GMO Sourdough Bread 
393,Your Price $3.99 each,Sara Lee Artesano Bakery Bread - 20 Oz,($0.20 / Ounce),bread-bakery,"('Sara Lee Artesano Bakery Bread ', ' 20 Oz')",True, 20 Oz,Sara Lee Artesano Bakery Bread 
394,Your Price $5.99 each,Sara Lee Delightful Honey Whole Wheat Bread - 20 Oz,($0.30 / Ounce),bread-bakery,"('Sara Lee Delightful Honey Whole Wheat Bread ', ' 20 Oz')",True, 20 Oz,Sara Lee Delightful Honey Whole Wheat Bread 
395,Your Price $7.29 each,Fresh Baked St Pierre Brioche Loaf - 17.6 Oz,($7.29 / Each),bread-bakery,"('Fresh Baked St Pierre Brioche Loaf ', ' 17.6 Oz')",True, 17.6 Oz,Fresh Baked St Pierre Brioche Loaf 
396,Your Price $5.99 each,Daves Killer Bread Organic White Bread Done Right - 24 Oz,($0.25 / Ounce),bread-bakery,"('Daves Killer Bread Organic White Bread Done Right ', ' 24 Oz')",True, 24 Oz,Daves Killer Bread Organic White Bread Done Right 
397,Your Price $4.99 each,Pepperidge Farm Farmhouse Hearty White Bread - 24 Oz,($0.21 / Ounce),bread-bakery,"('Pepperidge Farm Farmhouse Hearty White Bread ', ' 24 Oz')",True, 24 Oz,Pepperidge Farm Farmhouse Hearty White Bread 
398,Your Price $4.99 each,Brownberry Country Buttermilk Bread - 24 Oz,($0.21 / Ounce),bread-bakery,"('Brownberry Country Buttermilk Bread ', ' 24 Oz')",True, 24 Oz,Brownberry Country Buttermilk Bread 
399,Your Price $4.29 each,Sara Lee White Made with Whole Grain Bread - 20 Oz,($0.21 / Ounce),bread-bakery,"('Sara Lee White Made with Whole Grain Bread ', ' 20 Oz')",True, 20 Oz,Sara Lee White Made with Whole Grain Bread 
400,Your Price $3.99 each,Sara Lee Artesano Golden Wheat Bakery Bread - 20 Oz,($0.20 / Ounce),bread-bakery,"('Sara Lee Artesano Golden Wheat Bakery Bread ', ' 20 Oz')",True, 20 Oz,Sara Lee Artesano Golden Wheat Bakery Bread 
401,Your Price $3.00 each,Sara Lee Butter Bread - 20 Oz,($0.15 / Ounce),bread-bakery,"('Sara Lee Butter Bread ', ' 20 Oz')",True, 20 Oz,Sara Lee Butter Bread 
402,Your Price $5.99 each,Sara Lee Delightful Healthy Multi Grain Bread - 20 Oz,($0.30 / Ounce),bread-bakery,"('Sara Lee Delightful Healthy Multi Grain Bread ', ' 20 Oz')",True, 20 Oz,Sara Lee Delightful Healthy Multi Grain Bread 
403,Your Price $5.99 each,Daves Killer Bread White Done Right Thin - 20.5 Oz,($0.29 / Ounce),bread-bakery,"('Daves Killer Bread White Done Right Thin ', ' 20.5 Oz')",True, 20.5 Oz,Daves Killer Bread White Done Right Thin 
404,Your Price $4.99 each,Pepperidge Farm Jewish Rye Seedless Bread - 16 Oz,($0.31 / Ounce),bread-bakery,"('Pepperidge Farm Jewish Rye Seedless Bread ', ' 16 Oz')",True, 16 Oz,Pepperidge Farm Jewish Rye Seedless Bread 
405,Your Price $4.99 each,Pepperidge Farm Farmhouse Sourdough Bread - 24 Oz,($0.21 / Ounce),bread-bakery,"('Pepperidge Farm Farmhouse Sourdough Bread ', ' 24 Oz')",True, 24 Oz,Pepperidge Farm Farmhouse Sourdough Bread 
406,Your Price $4.29 each,Sara Lee Artesano Cinnamon Bakery Bread - 20 Oz,($0.21 / Ounce),bread-bakery,"('Sara Lee Artesano Cinnamon Bakery Bread ', ' 20 Oz')",True, 20 Oz,Sara Lee Artesano Cinnamon Bakery Bread 
407,Your Price $4.29 each,Sara Lee 100% Whole Wheat Bread - 20 Oz,($0.21 / Ounce),bread-bakery,"('Sara Lee 100% Whole Wheat Bread ', ' 20 Oz')",True, 20 Oz,Sara Lee 100% Whole Wheat Bread 
408,Your Price $4.99 each,The Rustik Oven Artisan Pane Italiano Bread - 16 Oz,($0.31 / Ounce),bread-bakery,"('The Rustik Oven Artisan Pane Italiano Bread ', ' 16 Oz')",True, 16 Oz,The Rustik Oven Artisan Pane Italiano Bread 
409,Your Price $4.79 each,Pepperidge Farm 15 Whole Grain Bread - 24 Oz,($0.20 / Ounce),bread-bakery,"('Pepperidge Farm 15 Whole Grain Bread ', ' 24 Oz')",True, 24 Oz,Pepperidge Farm 15 Whole Grain Bread 
410,Your Price $4.99 each,The Rustik Oven Hearty Grains & Seeds Artisan Bread - 16 Oz,($0.31 / Ounce),bread-bakery,"('The Rustik Oven Hearty Grains & Seeds Artisan Bread ', ' 16 Oz')",True, 16 Oz,The Rustik Oven Hearty Grains & Seeds Artisan Bread 
411,Your Price $4.99 each,Brownberry Whole Grains 100% Whole Wheat Bread - 24 Oz,($0.21 / Ounce),bread-bakery,"('Brownberry Whole Grains 100% Whole Wheat Bread ', ' 24 Oz')",True, 24 Oz,Brownberry Whole Grains 100% Whole Wheat Bread 
412,Your Price $3.99 each,Sara Lee Artesano Smooth Multigrain Bakery Bread - 20 OZ,($0.20 / Ounce),bread-bakery,"('Sara Lee Artesano Smooth Multigrain Bakery Bread ', ' 20 OZ')",True, 20 OZ,Sara Lee Artesano Smooth Multigrain Bakery Bread 
413,Your Price $3.29 each,Martins Bread Potato - 18 Oz,($0.16 / Ounce),bread-bakery,"('Martins Bread Potato ', ' 18 Oz')",True, 18 Oz,Martins Bread Potato 
414,Your Price $3.49 each,Mission Wraps Garden Spinach Herb Bag 6 Count - 15 Oz,($0.23 / Ounce),bread-bakery,"('Mission Wraps Garden Spinach Herb Bag 6 Count ', ' 15 Oz')",True, 15 Oz,Mission Wraps Garden Spinach Herb Bag 6 Count 
415,Your Price $2.99 each,Mission Tortillas Corn Yellow 30 Count - 27.5 Oz,($0.12 / Ounce),bread-bakery,"('Mission Tortillas Corn Yellow 30 Count ', ' 27.5 Oz')",True, 27.5 Oz,Mission Tortillas Corn Yellow 30 Count 
416,Your Price $3.99 each,Old El Paso Taco Shells Stand N Stuff Box 10 Count - 4.7 Oz,($0.85 / Ounce),bread-bakery,"('Old El Paso Taco Shells Stand N Stuff Box 10 Count ', ' 4.7 Oz')",True, 4.7 Oz,Old El Paso Taco Shells Stand N Stuff Box 10 Count 
417,Your Price $2.99 each,Mission Tortillas Corn White Super Soft Bag 30 Count - 25 Oz,($0.12 / Ounce),bread-bakery,"('Mission Tortillas Corn White Super Soft Bag 30 Count ', ' 25 Oz')",True, 25 Oz,Mission Tortillas Corn White Super Soft Bag 30 Count 
418,Your Price $2.99 each,Mission Tortillas Flour Street Tacos Bag 12 Count - 11 Oz,($0.25 / Count),bread-bakery,"('Mission Tortillas Flour Street Tacos Bag 12 Count ', ' 11 Oz')",True, 11 Oz,Mission Tortillas Flour Street Tacos Bag 12 Count 
419,Your Price $4.99 each,Mission Carb Balance Tomato Basil Wraps - 8 Count,($0.42 / Ounce),bread-bakery,"('Mission Carb Balance Tomato Basil Wraps ', ' 8 Count')",True, 8 Count,Mission Carb Balance Tomato Basil Wraps 
420,Your Price $3.99 each,Old El Paso Taco Shells Crunchy Box 18 Count - 6.89 Oz,($0.58 / Ounce),bread-bakery,"('Old El Paso Taco Shells Crunchy Box 18 Count ', ' 6.89 Oz')",True, 6.89 Oz,Old El Paso Taco Shells Crunchy Box 18 Count 
421,Your Price $2.99 each,Mission Street Taco Yellow Corn - 24 Count,($0.12 / Count),bread-bakery,"('Mission Street Taco Yellow Corn ', ' 24 Count')",True, 24 Count,Mission Street Taco Yellow Corn 
422,Your Price $4.99 each,Mission Carb Balance Spinach Herb Tortilla - 8 Count,($0.42 / Ounce),bread-bakery,"('Mission Carb Balance Spinach Herb Tortilla ', ' 8 Count')",True, 8 Count,Mission Carb Balance Spinach Herb Tortilla 
423,Your Price $3.49 each,Mission Wraps Sun-Dried Tomato Basil Bag 6 Count - 15 Oz,($0.23 / Ounce),bread-bakery,"('Mission Wraps Sun Dried Tomato Basil Bag 6 Count', '15 Oz')",True,15 Oz,Mission Wraps Sun Dried Tomato Basil Bag 6 Count
424,Your Price $2.99 each,"El Milagro 11 Flour Burrito, 30 Oz - 30 Oz",($0.10 / Ounce),bread-bakery,"('El Milagro 11 Flour Burrito, 30 Oz ', ' 30 Oz')",True, 30 Oz,"El Milagro 11 Flour Burrito, 30 Oz "
425,Your Price $3.99 each,Old El Paso Taco Shells Crunchy Box 12 Count - 4.6 Oz,($0.87 / Ounce),bread-bakery,"('Old El Paso Taco Shells Crunchy Box 12 Count ', ' 4.6 Oz')",True, 4.6 Oz,Old El Paso Taco Shells Crunchy Box 12 Count 
426,Your Price $6.00 each,Fresh Baked Blueberry Muffins - 4 Count,($6.00 / Each),bread-bakery,"('Fresh Baked Blueberry Muffins ', ' 4 Count')",True, 4 Count,Fresh Baked Blueberry Muffins 
427,Your Price $3.99 each,Thomas' Plain Bagels - 20 Oz,($0.18 / Ounce),bread-bakery,"(""Thomas' Plain Bagels "", ' 20 Oz')",True, 20 Oz,Thomas' Plain Bagels 
428,Your Price $3.99 each,Thomas' Cinnamon Raisin Bagels - 20 Oz,($0.18 / Ounce),bread-bakery,"(""Thomas' Cinnamon Raisin Bagels "", ' 20 Oz')",True, 20 Oz,Thomas' Cinnamon Raisin Bagels 
429,Your Price $4.99 each,Thomas' Plain Mini Bagels - 15 Oz,($0.25 / Ounce),bread-bakery,"(""Thomas' Plain Mini Bagels "", ' 15 Oz')",True, 15 Oz,Thomas' Plain Mini Bagels 
430,Your Price $5.99 each,Daves Killer Bread Bagel Organic 5 Count - 16.75 Oz,($0.36 / Ounce),bread-bakery,"('Daves Killer Bread Bagel Organic 5 Count ', ' 16.75 Oz')",True, 16.75 Oz,Daves Killer Bread Bagel Organic 5 Count 
431,Your Price $6.00 each,Fresh Baked Chocolate Chip Muffins - 4 Count,($6.00 / Each),bread-bakery,"('Fresh Baked Chocolate Chip Muffins ', ' 4 Count')",True, 4 Count,Fresh Baked Chocolate Chip Muffins 
432,Your Price $6.00 each,Fresh Baked Assorted Muffins - 4 Count,($6.00 / Each),bread-bakery,"('Fresh Baked Assorted Muffins ', ' 4 Count')",True, 4 Count,Fresh Baked Assorted Muffins 
433,Your Price $3.99 each,Thomas' Blueberry Bagels - 20 Oz,($0.20 / Ounce),bread-bakery,"(""Thomas' Blueberry Bagels "", ' 20 Oz')",True, 20 Oz,Thomas' Blueberry Bagels 
434,Your Price $5.49 each,Panera Bread Plain Bagels - 18 OZ,($0.31 / Ounce),bread-bakery,"('Panera Bread Plain Bagels ', ' 18 OZ')",True, 18 OZ,Panera Bread Plain Bagels 
435,Your Price $3.99 each,Thomas' Everything Bagels - 20 Oz,($0.18 / Ounce),bread-bakery,"(""Thomas' Everything Bagels "", ' 20 Oz')",True, 20 Oz,Thomas' Everything Bagels 
436,Your Price $6.00 each,Fresh Baked Double Chocolate Muffins 4 Count,($6.00 / Each),bread-bakery,"('Fresh Baked Double Chocolate Muffins ', '4 Count')",False,4 Count,Fresh Baked Double Chocolate Muffins 
437,Your Price $4.99 each,Thomas' Plain Bagel Thins - 13 Oz,($0.38 / Ounce),bread-bakery,"(""Thomas' Plain Bagel Thins "", ' 13 Oz')",True, 13 Oz,Thomas' Plain Bagel Thins 
438,Your Price $4.99 each,Thomas' Everything Bagel Thins - 13 Oz,($0.38 / Ounce),bread-bakery,"(""Thomas' Everything Bagel Thins "", ' 13 Oz')",True, 13 Oz,Thomas' Everything Bagel Thins 
439,Your Price $3.99 each,Thomas' Apple Cinnamon Bagel - 6 Count,($0.67 / Ounce),bread-bakery,"(""Thomas' Apple Cinnamon Bagel "", ' 6 Count')",True, 6 Count,Thomas' Apple Cinnamon Bagel 
440,Your Price $6.00 each,Fresh Baked Cranberry Orange Muffins - 4 Count,($6.00 / Each),bread-bakery,"('Fresh Baked Cranberry Orange Muffins ', ' 4 Count')",True, 4 Count,Fresh Baked Cranberry Orange Muffins 
441,Your Price $4.99 each,Bagel Astd 6 Ct - EA,($4.99 / Each),bread-bakery,"('Bagel Astd 6 Ct ', ' EA')",True, EA,Bagel Astd 6 Ct 
442,Your Price $4.99 each,Cafe Valley Banana Nut Mini Muffin 12 Count - 10.5 Oz,($0.48 / Ounce),bread-bakery,"('Cafe Valley Banana Nut Mini Muffin 12 Count ', ' 10.5 Oz')",True, 10.5 Oz,Cafe Valley Banana Nut Mini Muffin 12 Count 
443,Your Price $3.99 each,Thomas' 100% Whole Wheat Bagels - 20 Oz,($0.20 / Ounce),bread-bakery,"(""Thomas' 100% Whole Wheat Bagels "", ' 20 Oz')",True, 20 Oz,Thomas' 100% Whole Wheat Bagels 
444,Your Price $3.99 each,Thomas' Cinnamon Swirl Pre-Sliced Bagels - 20 Oz,($0.20 / Ounce),bread-bakery,"(""Thomas' Cinnamon Swirl Pre Sliced Bagels"", '20 Oz')",True,20 Oz,Thomas' Cinnamon Swirl Pre Sliced Bagels
445,Your Price $5.49 each,Panera Bread Everything Bagels - 18 OZ,($0.31 / Ounce),bread-bakery,"('Panera Bread Everything Bagels ', ' 18 OZ')",True, 18 OZ,Panera Bread Everything Bagels 
446,Your Price $4.99 each,In-store Bakery Chocolate Chip Mini Muffins 12 Count - EA,($0.48 / Ounce),bread-bakery,"('In store Bakery Chocolate Chip Mini Muffins 12 Count', 'EA')",True,EA,In store Bakery Chocolate Chip Mini Muffins 12 Count
447,Your Price $6.00 each,Fresh Baked Pistachio Muffins - 4 Count,($6.00 / Each),bread-bakery,"('Fresh Baked Pistachio Muffins ', ' 4 Count')",True, 4 Count,Fresh Baked Pistachio Muffins 
448,Your Price $6.00 each,Two-Bite Blueberry Scones - 10 Oz,($0.60 / Ounce),bread-bakery,"('Two Bite Blueberry Scones', '10 Oz')",True,10 Oz,Two Bite Blueberry Scones
449,Your Price $6.99 each,Pretzilla Pretzel Bites Tub - 12.3 OZ,($0.57 / Ounce),bread-bakery,"('Pretzilla Pretzel Bites Tub ', ' 12.3 OZ')",True, 12.3 OZ,Pretzilla Pretzel Bites Tub 
450,Your Price $3.99 each,Bays Brioche English Muffins 6 Count - 12 Oz,($0.33 / Ounce),bread-bakery,"('Bays Brioche English Muffins 6 Count ', ' 12 Oz')",True, 12 Oz,Bays Brioche English Muffins 6 Count 
451,Your Price $6.00 each,Two Bite Orange Cranberry Scones - 10 Oz,($0.60 / Ounce),bread-bakery,"('Two Bite Orange Cranberry Scones ', ' 10 Oz')",True, 10 Oz,Two Bite Orange Cranberry Scones 
452,Your Price $4.99 each,Pepperidge Farm Mini Bagels Plain - 17 Oz,($0.29 / Ounce),bread-bakery,"('Pepperidge Farm Mini Bagels Plain ', ' 17 Oz')",True, 17 Oz,Pepperidge Farm Mini Bagels Plain 
453,Your Price $6.00 each,Two-Bite Lemon Poppyseed Scones - 10 Oz,($0.60 / Ounce),bread-bakery,"('Two Bite Lemon Poppyseed Scones', '10 Oz')",True,10 Oz,Two Bite Lemon Poppyseed Scones
454,Your Price $3.99 each,Josephs Pita Bread - 11 Oz,($0.36 / Ounce),bread-bakery,"('Josephs Pita Bread ', ' 11 Oz')",True, 11 Oz,Josephs Pita Bread 
455,Your Price $3.99 each,Stonefire Garlic Mini Naan 4 Count - 7.05 OZ,($0.57 / Ounce),bread-bakery,"('Stonefire Garlic Mini Naan 4 Count ', ' 7.05 OZ')",True, 7.05 OZ,Stonefire Garlic Mini Naan 4 Count 
456,Your Price $2.50 each,Josephs Pita Bread Flax 6 Count - 8 Oz,($0.31 / Ounce),bread-bakery,"('Josephs Pita Bread Flax 6 Count ', ' 8 Oz')",True, 8 Oz,Josephs Pita Bread Flax 6 Count 
457,Your Price $3.99 each,Stonefire Mini Authentic Naan Bread - 7.05 Oz,($0.57 / Ounce),bread-bakery,"('Stonefire Mini Authentic Naan Bread ', ' 7.05 Oz')",True, 7.05 Oz,Stonefire Mini Authentic Naan Bread 
458,Your Price $2.50 each,Josephs Lavash Bread Flax 4 Count - 9 Oz,($0.28 / Ounce),bread-bakery,"('Josephs Lavash Bread Flax 4 Count ', ' 9 Oz')",True, 9 Oz,Josephs Lavash Bread Flax 4 Count 
459,Your Price $3.99 each,Stonefire Naan Tandoor Baked Original - 8.8 Oz,($0.45 / Ounce),bread-bakery,"('Stonefire Naan Tandoor Baked Original ', ' 8.8 Oz')",True, 8.8 Oz,Stonefire Naan Tandoor Baked Original 
460,Your Price $3.99 each,Jme Pita Wheat - 12 OZ,($0.36 / Ounce),bread-bakery,"('Jme Pita Wheat ', ' 12 OZ')",True, 12 OZ,Jme Pita Wheat 
461,Your Price $3.99 each,Stonefire Naan Tandoor Baked Garlic - 8.8 Oz,($0.45 / Ounce),bread-bakery,"('Stonefire Naan Tandoor Baked Garlic ', ' 8.8 Oz')",True, 8.8 Oz,Stonefire Naan Tandoor Baked Garlic 
462,Your Price $3.99 each,Krono Bread Pita White - 13 Oz,($0.31 / Ounce),bread-bakery,"('Krono Bread Pita White ', ' 13 Oz')",True, 13 Oz,Krono Bread Pita White 
463,Your Price $1.99 each,Alessi Thin Breadsticks - 3 Oz,($0.66 / Ounce),bread-bakery,"('Alessi Thin Breadsticks ', ' 3 Oz')",True, 3 Oz,Alessi Thin Breadsticks 
464,Your Price $4.29 each,Brownberry Multigrain Sandwich Thins - 12 Oz,($0.36 / Ounce),bread-bakery,"('Brownberry Multigrain Sandwich Thins ', ' 12 Oz')",True, 12 Oz,Brownberry Multigrain Sandwich Thins 
465,Your Price $3.99 each,Stonefire Naan Tandoor Baked Whole Grain - 8.8 Oz,($0.45 / Ounce),bread-bakery,"('Stonefire Naan Tandoor Baked Whole Grain ', ' 8.8 Oz')",True, 8.8 Oz,Stonefire Naan Tandoor Baked Whole Grain 
466,Your Price $4.79 each,Papa Filins Bread Pita White Organic - 22 Oz,($0.22 / Ounce),bread-bakery,"('Papa Filins Bread Pita White Organic ', ' 22 Oz')",True, 22 Oz,Papa Filins Bread Pita White Organic 
467,Your Price $2.50 each,Joseph's Flax/omega 3 Tortilla - 9 OZ,($0.28 / Ounce),bread-bakery,"(""Joseph's Flax/omega 3 Tortilla "", ' 9 OZ')",True, 9 OZ,Joseph's Flax/omega 3 Tortilla 
468,Your Price $4.29 each,Brownberry Honey Wheat Sandwich Thins - 12 Oz,($0.36 / Ounce),bread-bakery,"('Brownberry Honey Wheat Sandwich Thins ', ' 12 Oz')",True, 12 Oz,Brownberry Honey Wheat Sandwich Thins 
469,Your Price $1.99 each,Alessi Sesame Breadsticks - 4.4 Oz,($0.45 / Ounce),bread-bakery,"('Alessi Sesame Breadsticks ', ' 4.4 Oz')",True, 4.4 Oz,Alessi Sesame Breadsticks 
470,Your Price $1.99 each,Alessi Garlic Breadsticks - 4.4 Oz,($0.45 / Ounce),bread-bakery,"('Alessi Garlic Breadsticks ', ' 4.4 Oz')",True, 4.4 Oz,Alessi Garlic Breadsticks 
471,Your Price $3.99 each,Krono Pita Grain Whole - 13 Oz,($0.31 / Ounce),bread-bakery,"('Krono Pita Grain Whole ', ' 13 Oz')",True, 13 Oz,Krono Pita Grain Whole 
472,Your Price $2.99 each,Angelic Bake Hosue Whole Grain Wraps - 9 OZ,($0.33 / Ounce),bread-bakery,"('Angelic Bake Hosue Whole Grain Wraps ', ' 9 OZ')",True, 9 OZ,Angelic Bake Hosue Whole Grain Wraps 
473,Your Price $1.99 each,Alessi Breadsticks Rosemary - 3 Oz,($0.66 / Ounce),bread-bakery,"('Alessi Breadsticks Rosemary ', ' 3 Oz')",True, 3 Oz,Alessi Breadsticks Rosemary 
474,Your Price $5.99 each,Schar Italian Breadsticks - 5.3 Oz,($1.13 / Ounce),bread-bakery,"('Schar Italian Breadsticks ', ' 5.3 Oz')",True, 5.3 Oz,Schar Italian Breadsticks 
475,Your Price $2.99 each,Angelic Bake House Kale & Spinach Wraps - 9 OZ,($0.33 / Ounce),bread-bakery,"('Angelic Bake House Kale & Spinach Wraps ', ' 9 OZ')",True, 9 OZ,Angelic Bake House Kale & Spinach Wraps 
476,Your Price $1.99 each,Alessi Pepato Breadsticks - 3 Oz,($0.66 / Ounce),bread-bakery,"('Alessi Pepato Breadsticks ', ' 3 Oz')",True, 3 Oz,Alessi Pepato Breadsticks 
477,Your Price $2.99 each,Angelic Bake House Red Sod 7 Grain Wraps - 9 OZ,($0.33 / Ounce),bread-bakery,"('Angelic Bake House Red Sod 7 Grain Wraps ', ' 9 OZ')",True, 9 OZ,Angelic Bake House Red Sod 7 Grain Wraps 
478,Your Price $4.99 each,Bakery Breadsticks 10 Inch Parmesan - 6 Count,($4.99 / Each),bread-bakery,"('Bakery Breadsticks 10 Inch Parmesan ', ' 6 Count')",True, 6 Count,Bakery Breadsticks 10 Inch Parmesan 
479,Your Price $3.99 each,Krono Artisan Flatbread - 4 CT,($1.00 / Count),bread-bakery,"('Krono Artisan Flatbread ', ' 4 CT')",True, 4 CT,Krono Artisan Flatbread 
480,Your Price $21.99 each,Signature Select Cheesecake Sweet Treats Platter - EA,($21.99 / Each),bread-bakery,"('Signature Select Cheesecake Sweet Treats Platter ', ' EA')",True, EA,Signature Select Cheesecake Sweet Treats Platter 
481,Your Price $6.00 each,The Worthy Crumb Chocolate Chip Muffin Tray - Each,($6.00 / Each),bread-bakery,"('The Worthy Crumb Chocolate Chip Muffin Tray ', ' Each')",True, Each,The Worthy Crumb Chocolate Chip Muffin Tray 
482,Your Price $12.99 each,Bakery Cookies Tray 36 Count - Each,($12.99 / Each),bread-bakery,"('Bakery Cookies Tray 36 Count ', ' Each')",True, Each,Bakery Cookies Tray 36 Count 
483,Your Price $14.99 each,Bakery Tray Brownie Fudge Iced Without Nuts 16 Count,($14.99 / Each),bread-bakery,"('Bakery Tray Brownie Fudge Iced Without Nuts ', '16 Count')",False,16 Count,Bakery Tray Brownie Fudge Iced Without Nuts 
484,Your Price $15.99 each,Cookie And Brownie Bites Tray - EA,($15.99 / Each),bread-bakery,"('Cookie And Brownie Bites Tray ', ' EA')",True, EA,Cookie And Brownie Bites Tray 
485,Your Price $15.99 each,Muffins Assorted Mini Party Tray 30 Count,($15.99 / Each),bread-bakery,"('Muffins Assorted Mini Party Tray ', '30 Count')",False,30 Count,Muffins Assorted Mini Party Tray 
486,Your Price $14.99 each,Bakery Tray Brookies 24 Count - Each,($14.99 / Each),bread-bakery,"('Bakery Tray Brookies 24 Count ', ' Each')",True, Each,Bakery Tray Brookies 24 Count 
487,Your Price $15.99 each,Bakery Cookies Tray Gourmet 30 Count,($15.99 / Each),bread-bakery,"('Bakery Cookies Tray Gourmet ', '30 Count')",False,30 Count,Bakery Cookies Tray Gourmet 
488,Your Price $12.99 each,Bakery Tray Cookie Sugar Iced 20 Count,($12.99 / Each),bread-bakery,"('Bakery Tray Cookie Sugar Iced ', '20 Count')",False,20 Count,Bakery Tray Cookie Sugar Iced 
489,$2.99 ,Cake Vanilla Caramel Swirl Slice,($2.99 / Each),bread-bakery,Cake Vanilla Caramel Swirl Slice,False, Each,C
490,Your Price $15.99 each,Bakery Tray Crispy Bites Peanut Butter 60 Count,($15.99 / Each),bread-bakery,"('Bakery Tray Crispy Bites Peanut Butter ', '60 Count')",False,60 Count,Bakery Tray Crispy Bites Peanut Butter 
491,Your Price $15.99 each,Bakery Tray Crispy Bites Fruity & Marshmallow 60 Count,($15.99 / Each),bread-bakery,"('Bakery Tray Crispy Bites Fruity & Marshmallow ', '60 Count')",False,60 Count,Bakery Tray Crispy Bites Fruity & Marshmallow 
492,Your Price $14.99 each,Bakery Sugar Cookie And Crispy Bites Tray - Each,($14.99 / Each),bread-bakery,"('Bakery Sugar Cookie And Crispy Bites Tray ', ' Each')",True, Each,Bakery Sugar Cookie And Crispy Bites Tray 
493,Your Price $13.99 each,Iced Loaf Cake Sliced Tray - EA,($13.99 / Each),bread-bakery,"('Iced Loaf Cake Sliced Tray ', ' EA')",True, EA,Iced Loaf Cake Sliced Tray 
494,Your Price $14.99 each,Bakery Tray Brownie Fudge Iced With Nuts 16 Count,($14.99 / Each),bread-bakery,"('Bakery Tray Brownie Fudge Iced With Nuts ', '16 Count')",False,16 Count,Bakery Tray Brownie Fudge Iced With Nuts 
495,Your Price $12.99 each,Cookie Tray Diy 30 Ct - EA,($12.99 / Each),bread-bakery,"('Cookie Tray Diy 30 Ct ', ' EA')",True, EA,Cookie Tray Diy 30 Ct 
496,Your Price $15.99 each,Mini Bundt Cake Tray - EA,($15.99 / Each),bread-bakery,"('Mini Bundt Cake Tray ', ' EA')",True, EA,Mini Bundt Cake Tray 
497,Your Price $6.00 each,Tray 4th Of July Vs - 24 OZ,($6.00 / Each),bread-bakery,"('Tray 4th Of July Vs ', ' 24 OZ')",True, 24 OZ,Tray 4th Of July Vs 
498,Your Price $6.00 each,Blueberry Snack Muffin Tray Twc - Each,($6.00 / Each),bread-bakery,"('Blueberry Snack Muffin Tray Twc ', ' Each')",True, Each,Blueberry Snack Muffin Tray Twc 
499,Your Price $18.99 each,Cookies Pecan Sandie Tray 24 Ct - EA,($18.99 / Each),bread-bakery,"('Cookies Pecan Sandie Tray 24 Ct ', ' EA')",True, EA,Cookies Pecan Sandie Tray 24 Ct 
500,Your Price $5.99 each,Whipped Cream Prepared Large Container - EA,($5.99 / Each),bread-bakery,"('Whipped Cream Prepared Large Container ', ' EA')",True, EA,Whipped Cream Prepared Large Container 
501,Your Price $4.99 each,Whipped Cream Prepared Medium Container - EA,($4.99 / Each),bread-bakery,"('Whipped Cream Prepared Medium Container ', ' EA')",True, EA,Whipped Cream Prepared Medium Container 
502,Your Price $5.99 each,Combined Colors Buttercream - EA,($5.99 / Each),bread-bakery,"('Combined Colors Buttercream ', ' EA')",True, EA,Combined Colors Buttercream 
503,Your Price $5.99 each,Cream Cheese Icing Container - EA,($5.99 / Each),bread-bakery,"('Cream Cheese Icing Container ', ' EA')",True, EA,Cream Cheese Icing Container 
504,Your Price $6.49 each,Raisin Bran High Fiber Original Breakfast Cereal - 24 Oz,($0.27 / Ounce),breakfast-cereal,"('Raisin Bran High Fiber Original Breakfast Cereal ', ' 24 Oz')",True, 24 Oz,Raisin Bran High Fiber Original Breakfast Cereal 
505,Your Price $7.49 each,Cinnamon Toast Crunch Cereal - 18.8 OZ,($0.40 / Ounce),breakfast-cereal,"('Cinnamon Toast Crunch Cereal ', ' 18.8 OZ')",True, 18.8 OZ,Cinnamon Toast Crunch Cereal 
506,Your Price $7.49 each,Cheerios Whole Grain Oat Cereal - 18 Oz,($0.42 / Ounce),breakfast-cereal,"('Cheerios Whole Grain Oat Cereal ', ' 18 Oz')",True, 18 Oz,Cheerios Whole Grain Oat Cereal 
507,Your Price $6.29 each,Kettle Foods Kettle Chips Dill Pickle - 7.5 OZ,($0.84 / Ounce),breakfast-cereal,"('Kettle Foods Kettle Chips Dill Pickle ', ' 7.5 OZ')",True, 7.5 OZ,Kettle Foods Kettle Chips Dill Pickle 
508,Your Price $7.49 each,Lucky Charms Cereal - 18.6 OZ,($0.40 / Ounce),breakfast-cereal,"('Lucky Charms Cereal ', ' 18.6 OZ')",True, 18.6 OZ,Lucky Charms Cereal 
509,Your Price $6.99 each,Cinnamon Toast Crunch Cereal Large Size - 16.8 Oz,($0.42 / Ounce),breakfast-cereal,"('Cinnamon Toast Crunch Cereal Large Size ', ' 16.8 Oz')",True, 16.8 Oz,Cinnamon Toast Crunch Cereal Large Size 
510,Your Price $6.29 each,Kettle Foods Kettle Chips Habanero - 7.5 OZ,($0.84 / Ounce),breakfast-cereal,"('Kettle Foods Kettle Chips Habanero ', ' 7.5 OZ')",True, 7.5 OZ,Kettle Foods Kettle Chips Habanero 
511,Your Price $8.99 each,Malt-O-Meal Cereal Mini Spooners Frosted - 36 Oz,($0.25 / Ounce),breakfast-cereal,"('Malt OMeal Cereal Mini Spooners Frosted', '36 Oz')",True,36 Oz,Malt OMeal Cereal Mini Spooners Frosted
512,Your Price $7.49 each,Cocoa Puffs Cereal - 18.1 OZ,($0.41 / Ounce),breakfast-cereal,"('Cocoa Puffs Cereal ', ' 18.1 OZ')",True, 18.1 OZ,Cocoa Puffs Cereal 
513,Your Price $7.49 each,Cheerios Multi Grain Cereal - 18 OZ,($0.42 / Ounce),breakfast-cereal,"('Cheerios Multi Grain Cereal ', ' 18 OZ')",True, 18 OZ,Cheerios Multi Grain Cereal 
514,Your Price $7.49 each,Reeses Puffs Cereal - 19.7 OZ,($0.38 / Ounce),breakfast-cereal,"('Reeses Puffs Cereal ', ' 19.7 OZ')",True, 19.7 OZ,Reeses Puffs Cereal 
515,Your Price $7.99 each,Kellogg's Apple Jacks Cereal - 18.4 Oz,($0.43 / Ounce),breakfast-cereal,"(""Kellogg's Apple Jacks Cereal "", ' 18.4 Oz')",True, 18.4 Oz,Kellogg's Apple Jacks Cereal 
516,Your Price $6.99 each,General Mills Cereal Variety Pack - 9.14 Oz,($0.76 / Ounce),breakfast-cereal,"('General Mills Cereal Variety Pack ', ' 9.14 Oz')",True, 9.14 Oz,General Mills Cereal Variety Pack 
517,Your Price $6.49 each,Quaker Capn Crunch Cereal - 18 OZ,($0.36 / Ounce),breakfast-cereal,"('Quaker Capn Crunch Cereal ', ' 18 OZ')",True, 18 OZ,Quaker Capn Crunch Cereal 
518,Your Price $6.99 each,General Mills Corn Puffs Reeses Large Size - 16.7 Oz,($0.42 / Ounce),breakfast-cereal,"('General Mills Corn Puffs Reeses Large Size ', ' 16.7 Oz')",True, 16.7 Oz,General Mills Corn Puffs Reeses Large Size 
519,Your Price $7.99 each,Rice Krispies Breakfast Cereal Treats Original - 24 Oz,($0.33 / Ounce),breakfast-cereal,"('Rice Krispies Breakfast Cereal Treats Original ', ' 24 Oz')",True, 24 Oz,Rice Krispies Breakfast Cereal Treats Original 
520,Your Price $7.49 each,Corn Chex Cereal - 18 OZ,($0.42 / Ounce),breakfast-cereal,"('Corn Chex Cereal ', ' 18 OZ')",True, 18 OZ,Corn Chex Cereal 
521,Your Price $5.99 each,Raisin Bran Fiber Original Crunch Breakfast Cereal - 15.9 Oz,($0.38 / Ounce),breakfast-cereal,"('Raisin Bran Fiber Original Crunch Breakfast Cereal ', ' 15.9 Oz')",True, 15.9 Oz,Raisin Bran Fiber Original Crunch Breakfast Cereal 
522,Your Price $4.99 each,belVita Breakfast Biscuits Blueberry - 5-1.76 Oz,($0.57 / Ounce),breakfast-cereal,"('belVita Breakfast Biscuits Blueberry  ', '5-1.76 Oz')",True,5-1.76 Oz,belVita Breakfast Biscuits Blueberry  
523,Your Price $6.99 each,Pamelas Whenever Bars Oat Cranberry Almond - 7.05 Oz,($0.99 / Ounce),breakfast-cereal,"('Pamelas Whenever Bars Oat Cranberry Almond ', ' 7.05 Oz')",True, 7.05 Oz,Pamelas Whenever Bars Oat Cranberry Almond 
524,Your Price $5.99 each,Nv Crispy Creamy Wafer Bar Pb Choc 5ct - 6.5 Oz,($0.92 / Ounce),breakfast-cereal,"('Nv Crispy Creamy Wafer Bar Pb Choc 5ct ', ' 6.5 Oz')",True, 6.5 Oz,Nv Crispy Creamy Wafer Bar Pb Choc 5ct 
525,Your Price $4.99 each,belVita Breakfast Biscuits Cinnamon Brown Sugar - 5-1.76 Oz,($0.57 / Ounce),breakfast-cereal,"('belVita Breakfast Biscuits Cinnamon Brown Sugar  ', '5-1.76 Oz')",True,5-1.76 Oz,belVita Breakfast Biscuits Cinnamon Brown Sugar  
526,Your Price $6.99 each,Pamelas Whenever Bars Oat Raisin Walnut - 7.05 Oz,($0.99 / Ounce),breakfast-cereal,"('Pamelas Whenever Bars Oat Raisin Walnut ', ' 7.05 Oz')",True, 7.05 Oz,Pamelas Whenever Bars Oat Raisin Walnut 
527,Your Price $8.99 each,Nature Valley Granola Bars Crunchy Variety Pack - 12-1.49 Oz,($0.50 / Ounce),breakfast-cereal,"('Nature Valley Granola Bars Crunchy Variety Pack  ', '12-1.49 Oz')",True,12-1.49 Oz,Nature Valley Granola Bars Crunchy Variety Pack  
528,Your Price $7.99 each,CLIF Kid ZBar Organic Protein Bar Chocolate Chip - 5-1.27 Oz,($1.26 / Ounce),breakfast-cereal,"('CLIF Kid ZBar Organic Protein Bar Chocolate Chip  ', '5-1.27 Oz')",True,5-1.27 Oz,CLIF Kid ZBar Organic Protein Bar Chocolate Chip  
529,Your Price $10.99 each,Quaker Chewy Granola Bars Choc Chip 30ct - 25.3 OZ,($0.43 / Ounce),breakfast-cereal,"('Quaker Chewy Granola Bars Choc Chip 30ct ', ' 25.3 OZ')",True, 25.3 OZ,Quaker Chewy Granola Bars Choc Chip 30ct 
530,Your Price $8.49 each,Natures Bakery Oatmeal Crumble Strawberry - 6-1.4 Oz,($1.00 / Ounce),breakfast-cereal,"('Natures Bakery Oatmeal Crumble Strawberry  ', '6-1.4 Oz')",True,6-1.4 Oz,Natures Bakery Oatmeal Crumble Strawberry  
531,Your Price $4.99 each,Cinnamon Toast Crunch Treats Bar Cinnamon - 8-0.85 Oz,($0.73 / Ounce),breakfast-cereal,"('Cinnamon Toast Crunch Treats Bar Cinnamon  ', '8-0.85 Oz')",True,8-0.85 Oz,Cinnamon Toast Crunch Treats Bar Cinnamon  
532,Your Price $4.99 each,belVita Breakfast Biscuits Cranberry Orange - 5-1.76 Oz,($1.00 / Count),breakfast-cereal,"('belVita Breakfast Biscuits Cranberry Orange  ', '5-1.76 Oz')",True,5-1.76 Oz,belVita Breakfast Biscuits Cranberry Orange  
533,Your Price $4.99 each,Chex Mix Peanut Butter Chocolate Bars - 6.78 OZ,($0.74 / Ounce),breakfast-cereal,"('Chex Mix Peanut Butter Chocolate Bars ', ' 6.78 OZ')",True, 6.78 OZ,Chex Mix Peanut Butter Chocolate Bars 
534,Your Price $4.99 each,Lucky Charms Treats Bar With Marshmallow - 8-0.85 Oz,($0.73 / Ounce),breakfast-cereal,"('Lucky Charms Treats Bar With Marshmallow  ', '8-0.85 Oz')",True,8-0.85 Oz,Lucky Charms Treats Bar With Marshmallow  
535,Your Price $12.99 each,CLIF Kid ZBar Organic Chocolate Chip Box - 12-1.27 Oz,($0.85 / Ounce),breakfast-cereal,"('CLIF Kid ZBar Organic Chocolate Chip Box  ', '12-1.27 Oz')",True,12-1.27 Oz,CLIF Kid ZBar Organic Chocolate Chip Box  
536,Your Price $5.99 each,Nv Crispy Creamy Wafer Bar Pb 5ct - 6.5 Oz,($0.92 / Ounce),breakfast-cereal,"('Nv Crispy Creamy Wafer Bar Pb 5ct ', ' 6.5 Oz')",True, 6.5 Oz,Nv Crispy Creamy Wafer Bar Pb 5ct 
537,Your Price $7.49 each,Eggo Homestyle Frozen Breakfast Waffles 24 Count - 29.6 Oz,($0.25 / Ounce),breakfast-cereal,"('Eggo Homestyle Frozen Breakfast Waffles 24 Count ', ' 29.6 Oz')",True, 29.6 Oz,Eggo Homestyle Frozen Breakfast Waffles 24 Count 
538,Your Price $8.49 each,Home Bake Macaroni & Cheese Frozen Entrees Sides - 22.2 Oz,($0.38 / Ounce),breakfast-cereal,"('Home Bake Macaroni & Cheese Frozen Entrees Sides ', ' 22.2 Oz')",True, 22.2 Oz,Home Bake Macaroni & Cheese Frozen Entrees Sides 
539,Your Price $3.79 each,Jimmy Dean Meat Lovers Frozen Breakfast Bowl - 7 Oz,($0.54 / Ounce),breakfast-cereal,"('Jimmy Dean Meat Lovers Frozen Breakfast Bowl ', ' 7 Oz')",True, 7 Oz,Jimmy Dean Meat Lovers Frozen Breakfast Bowl 
540,Your Price $6.99 each,Signature SELECT Bacon Egg Cheese Biscuit Sandwich - 14.4 Oz,($0.49 / Count),breakfast-cereal,"('Signature SELECT Bacon Egg Cheese Biscuit Sandwich ', ' 14.4 Oz')",True, 14.4 Oz,Signature SELECT Bacon Egg Cheese Biscuit Sandwich 
541,Your Price $7.49 each,Eggo Buttermilk Frozen Breakfast Waffles 24 Count - 29.6 Oz,($0.25 / Ounce),breakfast-cereal,"('Eggo Buttermilk Frozen Breakfast Waffles 24 Count ', ' 29.6 Oz')",True, 29.6 Oz,Eggo Buttermilk Frozen Breakfast Waffles 24 Count 
542,Your Price $5.49 each,Signature SELECT Waffles Buttermilk - 29.6 Oz,($0.19 / Ounce),breakfast-cereal,"('Signature SELECT Waffles Buttermilk ', ' 29.6 Oz')",True, 29.6 Oz,Signature SELECT Waffles Buttermilk 
543,Your Price $3.49 each,Eggo Cinnamon Frozen French Toast Sticks 32 Count - 12.7 Oz,($0.27 / Ounce),breakfast-cereal,"('Eggo Cinnamon Frozen French Toast Sticks 32 Count ', ' 12.7 Oz')",True, 12.7 Oz,Eggo Cinnamon Frozen French Toast Sticks 32 Count 
544,Your Price $7.49 each,Eggo Blueberry Frozen Breakfast Waffles 24 Count - 29.6 Oz,($0.25 / Ounce),breakfast-cereal,"('Eggo Blueberry Frozen Breakfast Waffles 24 Count ', ' 29.6 Oz')",True, 29.6 Oz,Eggo Blueberry Frozen Breakfast Waffles 24 Count 
545,Your Price $3.79 each,Jimmy Dean Sausage & Gravy Frozen Breakfast Bowl - 7 Oz,($0.54 / Ounce),breakfast-cereal,"('Jimmy Dean Sausage & Gravy Frozen Breakfast Bowl ', ' 7 Oz')",True, 7 Oz,Jimmy Dean Sausage & Gravy Frozen Breakfast Bowl 
546,Your Price $5.99 each,Jimmy Dean Meat Lovers Stuffed Hash Browns 4 Count - 15 Oz,($0.40 / Ounce),breakfast-cereal,"('Jimmy Dean Meat Lovers Stuffed Hash Browns 4 Count ', ' 15 Oz')",True, 15 Oz,Jimmy Dean Meat Lovers Stuffed Hash Browns 4 Count 
547,Your Price $5.99 each,Jd Breakfast Burritos Meat Lovers - 17 Oz,($0.35 / Ounce),breakfast-cereal,"('Jd Breakfast Burritos Meat Lovers ', ' 17 Oz')",True, 17 Oz,Jd Breakfast Burritos Meat Lovers 
548,Your Price $3.79 each,Jimmy Dean Bacon Egg & Cheese Frozen Breakfast Bowl - 7 Oz,($0.54 / Ounce),breakfast-cereal,"('Jimmy Dean Bacon Egg & Cheese Frozen Breakfast Bowl ', ' 7 Oz')",True, 7 Oz,Jimmy Dean Bacon Egg & Cheese Frozen Breakfast Bowl 
549,Your Price $7.99 each,Jimmy Dean Delights Bacon Spinach Onion Eggwich 4 Count,($0.49 / Ounce),breakfast-cereal,"('Jimmy Dean Delights Bacon Spinach Onion Eggwich ', '4 Count')",False,4 Count,Jimmy Dean Delights Bacon Spinach Onion Eggwich 
550,Your Price $5.49 each,Kodiak Buttermilk & Vanilla Power Waffles 10 Count - 13.4 Oz,($0.41 / Ounce),breakfast-cereal,"('Kodiak Buttermilk & Vanilla Power Waffles 10 Count ', ' 13.4 Oz')",True, 13.4 Oz,Kodiak Buttermilk & Vanilla Power Waffles 10 Count 
551,Your Price $5.99 each,Jimmy Dean Breakfast Burritos Sausage - 17 Oz,($0.35 / Ounce),breakfast-cereal,"('Jimmy Dean Breakfast Burritos Sausage ', ' 17 Oz')",True, 17 Oz,Jimmy Dean Breakfast Burritos Sausage 
552,Your Price $4.79 each,De Wafelbakkers Pancakes Mini Buttermilk 60 Count - 21.2 Oz,($0.08 / Count),breakfast-cereal,"('De Wafelbakkers Pancakes Mini Buttermilk 60 Count ', ' 21.2 Oz')",True, 21.2 Oz,De Wafelbakkers Pancakes Mini Buttermilk 60 Count 
553,Your Price $10.99 each,Eggo Frozen Waffles Homestyle 4 Count - 49.3 Oz,($0.22 / Ounce),breakfast-cereal,"('Eggo Frozen Waffles Homestyle 4 Count ', ' 49.3 Oz')",True, 49.3 Oz,Eggo Frozen Waffles Homestyle 4 Count 
554,Your Price $4.49 each,Ore-Ida Diced Hash Brown Frozen Potatoes Bag - 32 Oz,($0.14 / Ounce),breakfast-cereal,"('Ore Ida Diced Hash Brown Frozen Potatoes Bag', '32 Oz')",True,32 Oz,Ore Ida Diced Hash Brown Frozen Potatoes Bag
555,Your Price $3.79 each,Jimmy Dean Sausage Egg & Cheese Frozen Breakfast Bowl - 7 Oz,($0.54 / Ounce),breakfast-cereal,"('Jimmy Dean Sausage Egg & Cheese Frozen Breakfast Bowl ', ' 7 Oz')",True, 7 Oz,Jimmy Dean Sausage Egg & Cheese Frozen Breakfast Bowl 
556,Your Price $11.49 each,Pamelas Baking & Pancake Mix - 24 Oz,($0.48 / Ounce),breakfast-cereal,"('Pamelas Baking & Pancake Mix ', ' 24 Oz')",True, 24 Oz,Pamelas Baking & Pancake Mix 
557,Your Price $3.49 each,Krusteaz Buttermilk Pancake Mix - 32 Oz,($0.11 / Ounce),breakfast-cereal,"('Krusteaz Buttermilk Pancake Mix ', ' 32 Oz')",True, 32 Oz,Krusteaz Buttermilk Pancake Mix 
558,Your Price $3.49 each,Krusteaz Blueberry Pancake Mix - 25.2 Oz,($0.14 / Ounce),breakfast-cereal,"('Krusteaz Blueberry Pancake Mix ', ' 25.2 Oz')",True, 25.2 Oz,Krusteaz Blueberry Pancake Mix 
559,Your Price $3.99 each,Bisquick Shake N Pour Pancake Mix Buttermilk - 10.6 Oz,($0.38 / Ounce),breakfast-cereal,"('Bisquick Shake N Pour Pancake Mix Buttermilk ', ' 10.6 Oz')",True, 10.6 Oz,Bisquick Shake N Pour Pancake Mix Buttermilk 
560,Your Price $6.99 each,Krusteaz Buttermilk Pancake Mix - 5 Lb,($0.09 / Ounce),breakfast-cereal,"('Krusteaz Buttermilk Pancake Mix ', ' 5 Lb')",True, 5 Lb,Krusteaz Buttermilk Pancake Mix 
561,Your Price $5.99 each,Kodiak Mix Flpjck Pwr Choc Chip - 18 Oz,($0.33 / Ounce),breakfast-cereal,"('Kodiak Mix Flpjck Pwr Choc Chip ', ' 18 Oz')",True, 18 Oz,Kodiak Mix Flpjck Pwr Choc Chip 
562,Your Price $4.29 each,Pearl Milling Company Original Pancake Mix - 32 OZ,($0.13 / Ounce),breakfast-cereal,"('Pearl Milling Company Original Pancake Mix ', ' 32 OZ')",True, 32 OZ,Pearl Milling Company Original Pancake Mix 
563,Your Price $3.99 each,Krusteaz Protein Buttermilk Pancake Mix - 20 Oz,($0.20 / Ounce),breakfast-cereal,"('Krusteaz Protein Buttermilk Pancake Mix ', ' 20 Oz')",True, 20 Oz,Krusteaz Protein Buttermilk Pancake Mix 
564,Your Price $3.49 each,Krusteaz Heart Healthy Buttermilk Pancake Mix - 25.2 Oz,($0.14 / Ounce),breakfast-cereal,"('Krusteaz Heart Healthy Buttermilk Pancake Mix ', ' 25.2 Oz')",True, 25.2 Oz,Krusteaz Heart Healthy Buttermilk Pancake Mix 
565,Your Price $4.99 each,Krusteaz Gluten Free Buttermilk Pancake Mix - 16 Oz,($0.31 / Ounce),breakfast-cereal,"('Krusteaz Gluten Free Buttermilk Pancake Mix ', ' 16 Oz')",True, 16 Oz,Krusteaz Gluten Free Buttermilk Pancake Mix 
566,Your Price $3.00 each,Hungry Jack Complt Pancake Mix Buttermil - 32 OZ,($0.09 / Ounce),breakfast-cereal,"('Hungry Jack Complt Pancake Mix Buttermil ', ' 32 OZ')",True, 32 OZ,Hungry Jack Complt Pancake Mix Buttermil 
567,Your Price $4.29 each,Pearl Milling Company Buttermilk Pancake Mix - 32 OZ,($0.13 / Ounce),breakfast-cereal,"('Pearl Milling Company Buttermilk Pancake Mix ', ' 32 OZ')",True, 32 OZ,Pearl Milling Company Buttermilk Pancake Mix 
568,Your Price $4.29 each,Pearl Milling Company Complete Pancake Mix - 32 OZ,($0.13 / Ounce),breakfast-cereal,"('Pearl Milling Company Complete Pancake Mix ', ' 32 OZ')",True, 32 OZ,Pearl Milling Company Complete Pancake Mix 
569,Your Price $3.49 each,Krusteaz Light & Fluffy Belgian Waffle Mix - 28 Oz,($0.12 / Ounce),breakfast-cereal,"('Krusteaz Light & Fluffy Belgian Waffle Mix ', ' 28 Oz')",True, 28 Oz,Krusteaz Light & Fluffy Belgian Waffle Mix 
570,Your Price $2.29 each,Kodiak Cakes Flapjack Protein Choc Chip - 2.24 Oz,($1.00 / Ounce),breakfast-cereal,"('Kodiak Cakes Flapjack Protein Choc Chip ', ' 2.24 Oz')",True, 2.24 Oz,Kodiak Cakes Flapjack Protein Choc Chip 
571,Your Price $3.00 each,Hungry Complt Jack Pancake Mix Extra Lt - 32 OZ,($0.09 / Ounce),breakfast-cereal,"('Hungry Complt Jack Pancake Mix Extra Lt ', ' 32 OZ')",True, 32 OZ,Hungry Complt Jack Pancake Mix Extra Lt 
572,Your Price $1.99 each,Pearl Milling Company Chocolate Chip Pancake Cup - 2.11 OZ,($0.94 / Ounce),breakfast-cereal,"('Pearl Milling Company Chocolate Chip Pancake Cup ', ' 2.11 OZ')",True, 2.11 OZ,Pearl Milling Company Chocolate Chip Pancake Cup 
573,Your Price $6.99 each,Bisquick Pancake & Baking Mix Original - 60 Oz,($0.12 / Ounce),breakfast-cereal,"('Bisquick Pancake & Baking Mix Original ', ' 60 Oz')",True, 60 Oz,Bisquick Pancake & Baking Mix Original 
574,Your Price $5.49 each,Bisquick Pancake & Baking Mix Original - 40 Oz,($0.14 / Ounce),breakfast-cereal,"('Bisquick Pancake & Baking Mix Original ', ' 40 Oz')",True, 40 Oz,Bisquick Pancake & Baking Mix Original 
575,Your Price $7.99 each,King Arthur Flour Mix Pancake Gluten Free - 15 Oz,($0.53 / Ounce),breakfast-cereal,"('King Arthur Flour Mix Pancake Gluten Free ', ' 15 Oz')",True, 15 Oz,King Arthur Flour Mix Pancake Gluten Free 
576,Your Price $6.99 each,Bob's Red Mill Gluten Free Pancake Mix - 24 Oz,($0.29 / Ounce),breakfast-cereal,"(""Bob's Red Mill Gluten Free Pancake Mix "", ' 24 Oz')",True, 24 Oz,Bob's Red Mill Gluten Free Pancake Mix 
577,Your Price $5.49 each,Bisquick Pancake & Baking Mix Heart Smart - 40 Oz,($0.14 / Ounce),breakfast-cereal,"('Bisquick Pancake & Baking Mix Heart Smart ', ' 40 Oz')",True, 40 Oz,Bisquick Pancake & Baking Mix Heart Smart 
578,Your Price $6.49 each,Krusteaz Gluten Free All Purpose Flour - 32 Oz,($0.20 / Ounce),breakfast-cereal,"('Krusteaz Gluten Free All Purpose Flour ', ' 32 Oz')",True, 32 Oz,Krusteaz Gluten Free All Purpose Flour 
579,Your Price $5.49 each,Bisquick Pancake & Baking Mix Gluten Free - 16 Oz,($0.34 / Ounce),breakfast-cereal,"('Bisquick Pancake & Baking Mix Gluten Free ', ' 16 Oz')",True, 16 Oz,Bisquick Pancake & Baking Mix Gluten Free 
580,Your Price $4.99 each,Birch Benders Pancake & Waffle Mix Classic Recipe - 16 Oz,($0.31 / Ounce),breakfast-cereal,"('Birch Benders Pancake & Waffle Mix Classic Recipe ', ' 16 Oz')",True, 16 Oz,Birch Benders Pancake & Waffle Mix Classic Recipe 
581,Your Price $16.99 each,Signature SELECT Syrup 100% Pure Maple - 32 Fl. Oz.,($0.53 / Fl.oz),breakfast-cereal,"('Signature SELECT Syrup 100% Pure Maple ', ' 32 Fl. Oz.')",True, 32 Fl. Oz.,Signature SELECT Syrup 100% Pure Maple 
582,Your Price $3.99 each,Hj Butr Panck Syrup - 27.6 FZ,($0.14 / Fl.oz),breakfast-cereal,"('Hj Butr Panck Syrup ', ' 27.6 FZ')",True, 27.6 FZ,Hj Butr Panck Syrup 
583,Your Price $5.99 each,O Organics Organic Syrup 100% Pure Maple - 8.5 Fl. Oz.,($0.70 / Fl.oz),breakfast-cereal,"('O Organics Organic Syrup 100% Pure Maple ', ' 8.5 Fl. Oz.')",True, 8.5 Fl. Oz.,O Organics Organic Syrup 100% Pure Maple 
584,Your Price $3.99 each,Hj Original Syrup - 27.6 FZ,($0.14 / Fl.oz),breakfast-cereal,"('Hj Original Syrup ', ' 27.6 FZ')",True, 27.6 FZ,Hj Original Syrup 
585,Your Price $3.50 each,Log Cabin Original Pancake Syrup - 24 Fl. Oz.,($0.15 / Fl.oz),breakfast-cereal,"('Log Cabin Original Pancake Syrup ', ' 24 Fl. Oz.')",True, 24 Fl. Oz.,Log Cabin Original Pancake Syrup 
586,Your Price $3.50 each,Mrs. Butterworth's Lite Thick And Rich Pancake Syrup - 24 Oz,($0.15 / Fl.oz),breakfast-cereal,"(""Mrs. Butterworth's Lite Thick And Rich Pancake Syrup "", ' 24 Oz')",True, 24 Oz,Mrs. Butterworth's Lite Thick And Rich Pancake Syrup 
587,Your Price $3.99 each,Pearl Milling Company Regular Syrup - 24 FZ,($0.17 / Fl.oz),breakfast-cereal,"('Pearl Milling Company Regular Syrup ', ' 24 FZ')",True, 24 FZ,Pearl Milling Company Regular Syrup 
588,Your Price $6.99 each,Signature SELECT Maple Syrup - 12.5 Fl. Oz.,($0.56 / Fl.oz),breakfast-cereal,"('Signature SELECT Maple Syrup ', ' 12.5 Fl. Oz.')",True, 12.5 Fl. Oz.,Signature SELECT Maple Syrup 
589,Your Price $3.99 each,Pearl Milling Company Butter Rich Syrup - 24 Oz,($0.17 / Fl.oz),breakfast-cereal,"('Pearl Milling Company Butter Rich Syrup ', ' 24 Oz')",True, 24 Oz,Pearl Milling Company Butter Rich Syrup 
590,Your Price $3.99 each,Pearl Milling Company Lite Regular Syrup - 24 Fl Oz,($0.17 / Fl.oz),breakfast-cereal,"('Pearl Milling Company Lite Regular Syrup ', ' 24 Fl Oz')",True, 24 Fl Oz,Pearl Milling Company Lite Regular Syrup 
591,Your Price $4.99 each,Carys Sugar Free Syrup - 24 Fl. Oz.,($0.21 / Fl.oz),breakfast-cereal,"('Carys Sugar Free Syrup ', ' 24 Fl. Oz.')",True, 24 Fl. Oz.,Carys Sugar Free Syrup 
592,Your Price $2.49 each,Signature SELECT Syrup Butter Flavored - 24 Fl. Oz.,($0.10 / Fl.oz),breakfast-cereal,"('Signature SELECT Syrup Butter Flavored ', ' 24 Fl. Oz.')",True, 24 Fl. Oz.,Signature SELECT Syrup Butter Flavored 
593,Your Price $6.49 each,Ghirardelli Premium Caramel Sauce - 16 OZ,($0.41 / Ounce),breakfast-cereal,"('Ghirardelli Premium Caramel Sauce ', ' 16 OZ')",True, 16 OZ,Ghirardelli Premium Caramel Sauce 
594,Your Price $19.99 each,Coombs Orgnic Maple Syrup - 32 Fl. Oz.,($0.62 / Fl.oz),breakfast-cereal,"('Coombs Orgnic Maple Syrup ', ' 32 Fl. Oz.')",True, 32 Fl. Oz.,Coombs Orgnic Maple Syrup 
595,Your Price $2.49 each,Signature SELECT Syrup Original - 24 Fl. Oz.,($0.10 / Fl.oz),breakfast-cereal,"('Signature SELECT Syrup Original ', ' 24 Fl. Oz.')",True, 24 Fl. Oz.,Signature SELECT Syrup Original 
596,Your Price $9.99 each,Signature Reserve Syrup Maple - 12.7 Fl. Oz.,($0.79 / Fl.oz),breakfast-cereal,"('Signature Reserve Syrup Maple ', ' 12.7 Fl. Oz.')",True, 12.7 Fl. Oz.,Signature Reserve Syrup Maple 
597,Your Price $2.49 each,Signature SELECT Syrup Original Sugar Free - 24 Fl. Oz.,($0.10 / Fl.oz),breakfast-cereal,"('Signature SELECT Syrup Original Sugar Free ', ' 24 Fl. Oz.')",True, 24 Fl. Oz.,Signature SELECT Syrup Original Sugar Free 
598,Your Price $3.99 each,Pearl Milling Company Lite Butter Syrup - 24 FZ,($0.17 / Fl.oz),breakfast-cereal,"('Pearl Milling Company Lite Butter Syrup ', ' 24 FZ')",True, 24 FZ,Pearl Milling Company Lite Butter Syrup 
599,Your Price $5.99 each,Pearl Milling Company Regular Syrup - 36 FZ,($0.17 / Fl.oz),breakfast-cereal,"('Pearl Milling Company Regular Syrup ', ' 36 FZ')",True, 36 FZ,Pearl Milling Company Regular Syrup 
600,Your Price $3.99 each,Signature SELECT Syrup Original - 36 Fl. Oz.,($0.11 / Fl.oz),breakfast-cereal,"('Signature SELECT Syrup Original ', ' 36 Fl. Oz.')",True, 36 Fl. Oz.,Signature SELECT Syrup Original 
601,Your Price $19.99 each,Spring Tree Syrup Pure Maple - 32 Fl. Oz.,($0.62 / Fl.oz),breakfast-cereal,"('Spring Tree Syrup Pure Maple ', ' 32 Fl. Oz.')",True, 32 Fl. Oz.,Spring Tree Syrup Pure Maple 
602,Your Price $4.49 each,Walden Farms Syrup Pancake Calorie Free - 12 Fl. Oz.,($0.37 / Fl.oz),breakfast-cereal,"('Walden Farms Syrup Pancake Calorie Free ', ' 12 Fl. Oz.')",True, 12 Fl. Oz.,Walden Farms Syrup Pancake Calorie Free 
603,Your Price $12.49 each,O Organics Organic Syrup Maple Pure 100% - 16.9 Fl. Oz.,($0.74 / Fl.oz),breakfast-cereal,"('O Organics Organic Syrup Maple Pure 100% ', ' 16.9 Fl. Oz.')",True, 16.9 Fl. Oz.,O Organics Organic Syrup Maple Pure 100% 
604,Your Price $8.29 each,Maple Grove Farms Maple Syrup 100% Pure Amber - 8.5 Oz,($0.98 / Fl.oz),breakfast-cereal,"('Maple Grove Farms Maple Syrup 100% Pure Amber ', ' 8.5 Oz')",True, 8.5 Oz,Maple Grove Farms Maple Syrup 100% Pure Amber 
605,Your Price $3.99 each,Smuckers Syrup Blueberry - 12 Fl. Oz.,($0.33 / Fl.oz),breakfast-cereal,"('Smuckers Syrup Blueberry ', ' 12 Fl. Oz.')",True, 12 Fl. Oz.,Smuckers Syrup Blueberry 
606,Your Price $2.49 each,Signature SELECT Syrup Original Lite - 24 Fl. Oz.,($0.10 / Fl.oz),breakfast-cereal,"('Signature SELECT Syrup Original Lite ', ' 24 Fl. Oz.')",True, 24 Fl. Oz.,Signature SELECT Syrup Original Lite 
607,Your Price $4.99 each,Nestle Toll House Truffles Chocolate Lava Cke - 8.007 Oz,($0.62 / Ounce),breakfast-cereal,"('Nestle Toll House Truffles Chocolate Lava Cke ', ' 8.007 Oz')",True, 8.007 Oz,Nestle Toll House Truffles Chocolate Lava Cke 
608,Your Price $4.99 each,Quaker Chewy S'mores Lto - EA,($0.33 / Ounce),breakfast-cereal,"(""Quaker Chewy S'mores Lto "", ' EA')",True, EA,Quaker Chewy S'mores Lto 
609,Your Price $4.99 each,Kelloggs Strawberry Banana Pop Tarts - 7 OZ,($0.71 / Ounce),breakfast-cereal,"('Kelloggs Strawberry Banana Pop Tarts ', ' 7 OZ')",True, 7 OZ,Kelloggs Strawberry Banana Pop Tarts 
610,Your Price $5.49 each,Bobos Oat Bars Tstr Pastry Cinn Brwn Sgr - 6.6 OZ,($0.83 / Ounce),breakfast-cereal,"('Bobos Oat Bars Tstr Pastry Cinn Brwn Sgr ', ' 6.6 OZ')",True, 6.6 OZ,Bobos Oat Bars Tstr Pastry Cinn Brwn Sgr 
611,Your Price $5.49 each,Bobos Oat Bites Pnt Btr Choc Chip - 6.5 Oz,($0.84 / Ounce),breakfast-cereal,"('Bobos Oat Bites Pnt Btr Choc Chip ', ' 6.5 Oz')",True, 6.5 Oz,Bobos Oat Bites Pnt Btr Choc Chip 
612,Your Price $5.49 each,Quaker Instant Oatmeal Apple And Cinnamon - 12.1 Oz,($0.45 / Ounce),breakfast-cereal,"('Quaker Instant Oatmeal Apple And Cinnamon ', ' 12.1 Oz')",True, 12.1 Oz,Quaker Instant Oatmeal Apple And Cinnamon 
613,Your Price $7.99 each,Carnation Brkfst Essential Pwder Variety - 12.6 Oz,($0.63 / Ounce),breakfast-cereal,"('Carnation Brkfst Essential Pwder Variety ', ' 12.6 Oz')",True, 12.6 Oz,Carnation Brkfst Essential Pwder Variety 
614,Your Price $13.99 each,Carnation Powder Rich Milk Chocolate - 22-1.26 Oz,($0.50 / Ounce),breakfast-cereal,"('Carnation Powder Rich Milk Chocolate  ', '22-1.26 Oz')",True,22-1.26 Oz,Carnation Powder Rich Milk Chocolate  
615,Your Price $5.99 each,Special K Cereal - 9.6 OZ,($0.62 / Ounce),breakfast-cereal,"('Special K Cereal ', ' 9.6 OZ')",True, 9.6 OZ,Special K Cereal 
616,Your Price $3.29 each,Campbells Chunky Soup Creamy Chicken & Dumplings - 15.25 Oz,($0.22 / Ounce),canned-goods-soups,"('Campbells Chunky Soup Creamy Chicken & Dumplings ', ' 15.25 Oz')",True, 15.25 Oz,Campbells Chunky Soup Creamy Chicken & Dumplings 
617,Your Price $1.67 each,Progresso Traditional Soup Chicken Noodle - 19 Oz,($0.09 / Ounce),canned-goods-soups,"('Progresso Traditional Soup Chicken Noodle ', ' 19 Oz')",True, 19 Oz,Progresso Traditional Soup Chicken Noodle 
618,Your Price $3.29 each,Campbells Chunky Soup Classic Chicken Noodle - 18.6 Oz,($0.18 / Ounce),canned-goods-soups,"('Campbells Chunky Soup Classic Chicken Noodle ', ' 18.6 Oz')",True, 18.6 Oz,Campbells Chunky Soup Classic Chicken Noodle 
619,Your Price $6.49 each,Campbells Soup Chicken Noodle - 42 OZ,($0.15 / Ounce),canned-goods-soups,"('Campbells Soup Chicken Noodle ', ' 42 OZ')",True, 42 OZ,Campbells Soup Chicken Noodle 
620,Your Price $4.99 each,Campbells Home Style Soup Chicken Noodle - 4-7 Oz,($0.18 / Ounce),canned-goods-soups,"('Campbells Home Style Soup Chicken Noodle  ', '4-7 Oz')",True,4-7 Oz,Campbells Home Style Soup Chicken Noodle  
621,Your Price $4.00 each,Campbells Soup Condensed Chicken Noodle - 4-10.75 Oz,($0.09 / Ounce),canned-goods-soups,"('Campbells Soup Condensed Chicken Noodle  ', '4-10.75 Oz')",True,4-10.75 Oz,Campbells Soup Condensed Chicken Noodle  
622,Your Price $3.99 each,Maruchan Ramen Noodle Soup Chicken Flavor - 12-3 Oz,($0.11 / Ounce),canned-goods-soups,"('Maruchan Ramen Noodle Soup Chicken Flavor  ', '12-3 Oz')",True,12-3 Oz,Maruchan Ramen Noodle Soup Chicken Flavor  
623,Your Price $3.29 each,Campbells Chunky Soup Beef With Country Vegetables - 18.8 Oz,($0.18 / Ounce),canned-goods-soups,"('Campbells Chunky Soup Beef With Country Vegetables ', ' 18.8 Oz')",True, 18.8 Oz,Campbells Chunky Soup Beef With Country Vegetables 
624,Your Price $3.29 each,Campbells Chunky Soup Pub-Style Chicken Pot Pie - 18.8 Oz,($0.18 / Ounce),canned-goods-soups,"('Campbells Chunky Soup Pub Style Chicken Pot Pie', '18.8 Oz')",True,18.8 Oz,Campbells Chunky Soup Pub Style Chicken Pot Pie
625,Your Price $1.67 each,Progresso Vegetable Classics Soup Tomato Basil - 19 Oz,($0.09 / Ounce),canned-goods-soups,"('Progresso Vegetable Classics Soup Tomato Basil ', ' 19 Oz')",True, 19 Oz,Progresso Vegetable Classics Soup Tomato Basil 
626,Your Price $3.29 each,Campbells Chunky Soup Chowder Clam New England - 18.8 Oz,($0.18 / Ounce),canned-goods-soups,"('Campbells Chunky Soup Chowder Clam New England ', ' 18.8 Oz')",True, 18.8 Oz,Campbells Chunky Soup Chowder Clam New England 
627,Your Price $1.67 each,Progresso Vegetable Classics Soup Minestrone - 19 Oz,($0.09 / Ounce),canned-goods-soups,"('Progresso Vegetable Classics Soup Minestrone ', ' 19 Oz')",True, 19 Oz,Progresso Vegetable Classics Soup Minestrone 
628,Your Price $4.00 each,Campbells Soup Condensed Tomato Cans - 4-10.75 Oz,($0.09 / Ounce),canned-goods-soups,"('Campbells Soup Condensed Tomato Cans  ', '4-10.75 Oz')",True,4-10.75 Oz,Campbells Soup Condensed Tomato Cans  
629,Your Price $1.25 each,Campbells Soup Condensed Chicken Noodle - 10.75 Oz,($0.12 / Ounce),canned-goods-soups,"('Campbells Soup Condensed Chicken Noodle ', ' 10.75 Oz')",True, 10.75 Oz,Campbells Soup Condensed Chicken Noodle 
630,Your Price $8.99 each,Nissin Top Ramen Ramen Noodle Soup Chicken Flavor - 24-3 Oz,($0.12 / Ounce),canned-goods-soups,"('Nissin Top Ramen Ramen Noodle Soup Chicken Flavor  ', '24-3 Oz')",True,24-3 Oz,Nissin Top Ramen Ramen Noodle Soup Chicken Flavor  
631,Your Price $1.99 each,Maruchan Ramen Noodle Soup Chicken Flavor Souper - 6-3 Oz,($0.11 / Ounce),canned-goods-soups,"('Maruchan Ramen Noodle Soup Chicken Flavor Souper  ', '6-3 Oz')",True,6-3 Oz,Maruchan Ramen Noodle Soup Chicken Flavor Souper  
632,Your Price $1.67 each,Progresso Vegetable Classics Soup Garden Vegetable - 18.5 Oz,($0.09 / Ounce),canned-goods-soups,"('Progresso Vegetable Classics Soup Garden Vegetable ', ' 18.5 Oz')",True, 18.5 Oz,Progresso Vegetable Classics Soup Garden Vegetable 
633,Your Price $5.49 each,Pacific Organic Soup Tomato - 32 Fl. Oz.,($0.17 / Fl.oz),canned-goods-soups,"('Pacific Organic Soup Tomato ', ' 32 Fl. Oz.')",True, 32 Fl. Oz.,Pacific Organic Soup Tomato 
634,Your Price $4.99 each,Campbells Soup Creamy Tomato - 4-7 Oz,($0.18 / Ounce),canned-goods-soups,"('Campbells Soup Creamy Tomato  ', '4-7 Oz')",True,4-7 Oz,Campbells Soup Creamy Tomato  
635,Your Price $2.99 each,Nissin Top Ramen Ramen Noodle Soup Chicken Flavor - 6-3 Oz,($0.17 / Ounce),canned-goods-soups,"('Nissin Top Ramen Ramen Noodle Soup Chicken Flavor  ', '6-3 Oz')",True,6-3 Oz,Nissin Top Ramen Ramen Noodle Soup Chicken Flavor  
636,Your Price $1.25 each,Campbells Soup Condensed Tomato - 10.75 Oz,($0.12 / Ounce),canned-goods-soups,"('Campbells Soup Condensed Tomato ', ' 10.75 Oz')",True, 10.75 Oz,Campbells Soup Condensed Tomato 
637,Your Price $4.00 each,Amy's Vegetable Barley Soup - 14.1 Oz,($0.28 / Ounce),canned-goods-soups,"(""Amy's Vegetable Barley Soup "", ' 14.1 Oz')",True, 14.1 Oz,Amy's Vegetable Barley Soup 
638,Your Price $1.67 each,PROGRESSO Traditional Soup Broccoli Cheese Can - 18 Oz,($0.09 / Ounce),canned-goods-soups,"('PROGRESSO Traditional Soup Broccoli Cheese Can ', ' 18 Oz')",True, 18 Oz,PROGRESSO Traditional Soup Broccoli Cheese Can 
639,Your Price $1.67 each,Progresso Traditional Soup Chicken & Wild Rice - 19 Oz,($0.09 / Ounce),canned-goods-soups,"('Progresso Traditional Soup Chicken & Wild Rice ', ' 19 Oz')",True, 19 Oz,Progresso Traditional Soup Chicken & Wild Rice 
640,Your Price $4.00 each,Campbells Soup Cream Of Mushroom - 4-10.5OZ,($0.10 / Ounce),canned-goods-soups,"('Campbells Soup Cream Of Mushroom  ', '4-10.5OZ')",True,4-10.5OZ,Campbells Soup Cream Of Mushroom  
641,Your Price $4.00 each,Campbell's Condensed Soup Cream Chicken - 4-10.5 OZ,($0.10 / Ounce),canned-goods-soups,"(""Campbell's Condensed Soup Cream Chicken  "", '4-10.5 OZ')",True,4-10.5 OZ,Campbell's Condensed Soup Cream Chicken  
642,Your Price $2.29 each,Signature SELECT Tomatoes Crushed - 28 Oz,($0.08 / Ounce),canned-goods-soups,"('Signature SELECT Tomatoes Crushed ', ' 28 Oz')",True, 28 Oz,Signature SELECT Tomatoes Crushed 
643,Your Price $1.25 each,Rotel Original Diced Tomatoes And Green Chilies - 10 Oz,($0.13 / Ounce),canned-goods-soups,"('Rotel Original Diced Tomatoes And Green Chilies ', ' 10 Oz')",True, 10 Oz,Rotel Original Diced Tomatoes And Green Chilies 
644,Your Price $2.29 each,Signature SELECT Tomatoes Diced Petite - 28 Oz,($0.08 / Ounce),canned-goods-soups,"('Signature SELECT Tomatoes Diced Petite ', ' 28 Oz')",True, 28 Oz,Signature SELECT Tomatoes Diced Petite 
645,Your Price $0.99 each,Hunt's Tomato Sauce With Basil Garlic And Oregano - 8 Oz,($0.12 / Ounce),canned-goods-soups,"(""Hunt's Tomato Sauce With Basil Garlic And Oregano "", ' 8 Oz')",True, 8 Oz,Hunt's Tomato Sauce With Basil Garlic And Oregano 
646,Your Price $4.99 each,CENTO Tomatoes Crushed All Purpose - 28 Oz,($0.18 / Ounce),canned-goods-soups,"('CENTO Tomatoes Crushed All Purpose ', ' 28 Oz')",True, 28 Oz,CENTO Tomatoes Crushed All Purpose 
647,Your Price $1.25 each,Hunt's No Salt Added Tomato Sauce - 15 Oz,($0.08 / Ounce),canned-goods-soups,"(""Hunt's No Salt Added Tomato Sauce "", ' 15 Oz')",True, 15 Oz,Hunt's No Salt Added Tomato Sauce 
648,Your Price $1.25 each,Hunt's Fire Roasted Diced Tomatoes - 14.5 Oz,($0.09 / Ounce),canned-goods-soups,"(""Hunt's Fire Roasted Diced Tomatoes "", ' 14.5 Oz')",True, 14.5 Oz,Hunt's Fire Roasted Diced Tomatoes 
649,Your Price $1.25 each,Hunt's Petite Diced Tomatoes - 14.5 Oz,($0.09 / Ounce),canned-goods-soups,"(""Hunt's Petite Diced Tomatoes "", ' 14.5 Oz')",True, 14.5 Oz,Hunt's Petite Diced Tomatoes 
650,Your Price $2.79 each,Hunt's Tomato Sauce - 29 Oz,($0.10 / Ounce),canned-goods-soups,"(""Hunt's Tomato Sauce "", ' 29 Oz')",True, 29 Oz,Hunt's Tomato Sauce 
651,Your Price $3.79 each,O Organics Organic Tomatoes Diced In Tomato Juice - 28 Oz,($0.14 / Ounce),canned-goods-soups,"('O Organics Organic Tomatoes Diced In Tomato Juice ', ' 28 Oz')",True, 28 Oz,O Organics Organic Tomatoes Diced In Tomato Juice 
652,Your Price $0.99 each,Hunt's Tomato Sauce - 8 Oz,($0.12 / Ounce),canned-goods-soups,"(""Hunt's Tomato Sauce "", ' 8 Oz')",True, 8 Oz,Hunt's Tomato Sauce 
653,Your Price $2.79 each,Hunt's Crushed Tomatoes - 28 Oz,($0.10 / Ounce),canned-goods-soups,"(""Hunt's Crushed Tomatoes "", ' 28 Oz')",True, 28 Oz,Hunt's Crushed Tomatoes 
654,Your Price $2.79 each,Hunt's Petite Diced Tomatoes - 28 Oz,($0.10 / Ounce),canned-goods-soups,"(""Hunt's Petite Diced Tomatoes "", ' 28 Oz')",True, 28 Oz,Hunt's Petite Diced Tomatoes 
655,Your Price $1.99 each,Signature SELECT Tomato Sauce - 29 Oz,($0.07 / Ounce),canned-goods-soups,"('Signature SELECT Tomato Sauce ', ' 29 Oz')",True, 29 Oz,Signature SELECT Tomato Sauce 
656,Your Price $1.25 each,Rotel Mild Diced Tomatoes And Green Chilies - 10 Oz,($0.13 / Ounce),canned-goods-soups,"('Rotel Mild Diced Tomatoes And Green Chilies ', ' 10 Oz')",True, 10 Oz,Rotel Mild Diced Tomatoes And Green Chilies 
657,Your Price $1.29 each,CENTO Tomato Paste - 6 Oz,($0.22 / Ounce),canned-goods-soups,"('CENTO Tomato Paste ', ' 6 Oz')",True, 6 Oz,CENTO Tomato Paste 
658,Your Price $1.29 each,Signature SELECT Tomatoes Diced Petite - 14.5 Oz,($0.09 / Ounce),canned-goods-soups,"('Signature SELECT Tomatoes Diced Petite ', ' 14.5 Oz')",True, 14.5 Oz,Signature SELECT Tomatoes Diced Petite 
659,Your Price $2.79 each,Hunt's Diced Tomatoes - 28 Oz,($0.10 / Ounce),canned-goods-soups,"(""Hunt's Diced Tomatoes "", ' 28 Oz')",True, 28 Oz,Hunt's Diced Tomatoes 
660,Your Price $1.99 each,Signature SELECT Tomatoes Fire Roasted Diced - 14.5 Oz,($0.14 / Ounce),canned-goods-soups,"('Signature SELECT Tomatoes Fire Roasted Diced ', ' 14.5 Oz')",True, 14.5 Oz,Signature SELECT Tomatoes Fire Roasted Diced 
661,Your Price $1.29 each,Signature SELECT Tomatoes Diced No Salt Added - 14.5 Oz,($0.09 / Ounce),canned-goods-soups,"('Signature SELECT Tomatoes Diced No Salt Added ', ' 14.5 Oz')",True, 14.5 Oz,Signature SELECT Tomatoes Diced No Salt Added 
662,Your Price $1.79 each,Signature SELECT Tomato Paste - 12 Oz,($0.15 / Ounce),canned-goods-soups,"('Signature SELECT Tomato Paste ', ' 12 Oz')",True, 12 Oz,Signature SELECT Tomato Paste 
663,Your Price $1.29 each,Signature SELECT Tomato Sauce - 15 Oz,($0.09 / Ounce),canned-goods-soups,"('Signature SELECT Tomato Sauce ', ' 15 Oz')",True, 15 Oz,Signature SELECT Tomato Sauce 
664,Your Price $1.29 each,Signature SELECT Tomatoes Crushed - 15 Oz,($0.09 / Ounce),canned-goods-soups,"('Signature SELECT Tomatoes Crushed ', ' 15 Oz')",True, 15 Oz,Signature SELECT Tomatoes Crushed 
665,Your Price $1.29 each,Hunt's Tomato Paste - 6 Oz,($0.22 / Ounce),canned-goods-soups,"(""Hunt's Tomato Paste "", ' 6 Oz')",True, 6 Oz,Hunt's Tomato Paste 
666,Your Price $4.99 each,CENTO Tomato Puree - 28 Oz,($0.18 / Ounce),canned-goods-soups,"('CENTO Tomato Puree ', ' 28 Oz')",True, 28 Oz,CENTO Tomato Puree 
667,Your Price $3.79 each,O Organics Organic Tomatoes Crushed In Tomato Puree - 28 Oz,($0.14 / Ounce),canned-goods-soups,"('O Organics Organic Tomatoes Crushed In Tomato Puree ', ' 28 Oz')",True, 28 Oz,O Organics Organic Tomatoes Crushed In Tomato Puree 
668,Your Price $6.99 each,Del Monte Fresh Cut Green Beans Cut Blue Lake - 4-14.5 Oz,($0.12 / Ounce),canned-goods-soups,"('Del Monte Fresh Cut Green Beans Cut Blue Lake  ', '4-14.5 Oz')",True,4-14.5 Oz,Del Monte Fresh Cut Green Beans Cut Blue Lake  
669,Your Price $1.19 each,Signature SELECT Corn Golden Sweet Cream Style - 14.75 Oz,($0.08 / Ounce),canned-goods-soups,"('Signature SELECT Corn Golden Sweet Cream Style ', ' 14.75 Oz')",True, 14.75 Oz,Signature SELECT Corn Golden Sweet Cream Style 
670,Your Price $1.19 each,Signature SELECT Whole Kernel Corn Can - 15.25 Oz,($0.08 / Ounce),canned-goods-soups,"('Signature SELECT Whole Kernel Corn Can ', ' 15.25 Oz')",True, 15.25 Oz,Signature SELECT Whole Kernel Corn Can 
671,Your Price $1.19 each,Signature SELECT Beans Green Cut - 14.5 Oz,($0.08 / Ounce),canned-goods-soups,"('Signature SELECT Beans Green Cut ', ' 14.5 Oz')",True, 14.5 Oz,Signature SELECT Beans Green Cut 
672,Your Price $2.29 each,Del Monte Fresh Cut Green Beans Cut Blue Lake - 14.5 Oz,($0.16 / Ounce),canned-goods-soups,"('Del Monte Fresh Cut Green Beans Cut Blue Lake ', ' 14.5 Oz')",True, 14.5 Oz,Del Monte Fresh Cut Green Beans Cut Blue Lake 
673,Your Price $2.29 each,Del Monte Fresh Cut Corn Whole Kernel - 15.25 Oz,($0.15 / Ounce),canned-goods-soups,"('Del Monte Fresh Cut Corn Whole Kernel ', ' 15.25 Oz')",True, 15.25 Oz,Del Monte Fresh Cut Corn Whole Kernel 
674,Your Price $2.29 each,Del Monte Fresh Cut Corn Cream Style Golden Sweet - 14.75 Oz,($0.16 / Ounce),canned-goods-soups,"('Del Monte Fresh Cut Corn Cream Style Golden Sweet ', ' 14.75 Oz')",True, 14.75 Oz,Del Monte Fresh Cut Corn Cream Style Golden Sweet 
675,Your Price $2.79 each,Le Sueur Peas Sweet Very Young Small - 15 Oz,($0.19 / Ounce),canned-goods-soups,"('Le Sueur Peas Sweet Very Young Small ', ' 15 Oz')",True, 15 Oz,Le Sueur Peas Sweet Very Young Small 
676,Your Price $3.29 each,Glory Foods Seasoned Southern Style Greens Mixed - 27 Oz,($0.12 / Ounce),canned-goods-soups,"('Glory Foods Seasoned Southern Style Greens Mixed ', ' 27 Oz')",True, 27 Oz,Glory Foods Seasoned Southern Style Greens Mixed 
677,Your Price $2.29 each,Del Monte Fresh Cut Peas Sweet with Natural Sea Salt - 15 Oz,($0.15 / Ounce),canned-goods-soups,"('Del Monte Fresh Cut Peas Sweet with Natural Sea Salt ', ' 15 Oz')",True, 15 Oz,Del Monte Fresh Cut Peas Sweet with Natural Sea Salt 
678,Your Price $1.19 each,Signature SELECT Carrots Sliced - 14.5 Oz,($0.08 / Ounce),canned-goods-soups,"('Signature SELECT Carrots Sliced ', ' 14.5 Oz')",True, 14.5 Oz,Signature SELECT Carrots Sliced 
679,Your Price $2.99 each,Green Giant StreamCrisp Corn Niblets Extra Sweet - 11 Oz,($0.27 / Ounce),canned-goods-soups,"('Green Giant StreamCrisp Corn Niblets Extra Sweet ', ' 11 Oz')",True, 11 Oz,Green Giant StreamCrisp Corn Niblets Extra Sweet 
680,Your Price $1.19 each,Signature SELECT Mixed Vegetables - 15 Oz,($0.08 / Ounce),canned-goods-soups,"('Signature SELECT Mixed Vegetables ', ' 15 Oz')",True, 15 Oz,Signature SELECT Mixed Vegetables 
681,Your Price $1.19 each,Signature SELECT Beans Green French Style - 14.5 Oz,($0.08 / Ounce),canned-goods-soups,"('Signature SELECT Beans Green French Style ', ' 14.5 Oz')",True, 14.5 Oz,Signature SELECT Beans Green French Style 
682,Your Price $1.79 each,Signature SELECT Mushrooms Sliced - 7 Oz,($0.45 / Ounce),canned-goods-soups,"('Signature SELECT Mushrooms Sliced ', ' 7 Oz')",True, 7 Oz,Signature SELECT Mushrooms Sliced 
683,Your Price $2.99 each,Green Giant StreamCrisp Corn Niblets Sweet - 11 Oz,($0.27 / Ounce),canned-goods-soups,"('Green Giant StreamCrisp Corn Niblets Sweet ', ' 11 Oz')",True, 11 Oz,Green Giant StreamCrisp Corn Niblets Sweet 
684,Your Price $2.99 each,Green Giant Mexicorn - 11 OZ,($0.27 / Ounce),canned-goods-soups,"('Green Giant Mexicorn ', ' 11 OZ')",True, 11 OZ,Green Giant Mexicorn 
685,Your Price $2.49 each,Del Monte Fresh Cut Green Beans Cut Blue Lake - 28 Oz,($0.09 / Ounce),canned-goods-soups,"('Del Monte Fresh Cut Green Beans Cut Blue Lake ', ' 28 Oz')",True, 28 Oz,Del Monte Fresh Cut Green Beans Cut Blue Lake 
686,Your Price $1.19 each,Signature SELECT Corn Whole Kernel Super Sweet - 15.25 Oz,($0.08 / Ounce),canned-goods-soups,"('Signature SELECT Corn Whole Kernel Super Sweet ', ' 15.25 Oz')",True, 15.25 Oz,Signature SELECT Corn Whole Kernel Super Sweet 
687,Your Price $1.79 each,Green Giant Corn Whole Kernel Sweet - 15.25 Oz,($0.12 / Ounce),canned-goods-soups,"('Green Giant Corn Whole Kernel Sweet ', ' 15.25 Oz')",True, 15.25 Oz,Green Giant Corn Whole Kernel Sweet 
688,Your Price $1.19 each,Signature SELECT Peas Sweet - 15 Oz,($0.08 / Ounce),canned-goods-soups,"('Signature SELECT Peas Sweet ', ' 15 Oz')",True, 15 Oz,Signature SELECT Peas Sweet 
689,Your Price $1.19 each,Signature SELECT Corn Whole Kernel White - 15.25 Oz,($0.08 / Ounce),canned-goods-soups,"('Signature SELECT Corn Whole Kernel White ', ' 15.25 Oz')",True, 15.25 Oz,Signature SELECT Corn Whole Kernel White 
690,Your Price $1.19 each,Signature SELECT Carrots Sliced No Salt Added - 14.5 Oz,($0.08 / Ounce),canned-goods-soups,"('Signature SELECT Carrots Sliced No Salt Added ', ' 14.5 Oz')",True, 14.5 Oz,Signature SELECT Carrots Sliced No Salt Added 
691,Your Price $2.99 each,Signature SELECT Artichokes Quartered - 13.75 Oz,($0.22 / Ounce),canned-goods-soups,"('Signature SELECT Artichokes Quartered ', ' 13.75 Oz')",True, 13.75 Oz,Signature SELECT Artichokes Quartered 
692,Your Price $8.99 each,Bumble Bee Tuna Albacore Solid White in Water - 4-5 Oz,($0.45 / Ounce),canned-goods-soups,"('Bumble Bee Tuna Albacore Solid White in Water  ', '4-5 Oz')",True,4-5 Oz,Bumble Bee Tuna Albacore Solid White in Water  
693,Your Price $3.99 each,StarKist Tuna Chunk Light in Water - 11 Oz,($0.36 / Ounce),canned-goods-soups,"('StarKist Tuna Chunk Light in Water ', ' 11 Oz')",True, 11 Oz,StarKist Tuna Chunk Light in Water 
694,Your Price $7.99 each,Signature SELECT Tuna Albacore Solid White in Water - 4-5 Oz,($0.40 / Ounce),canned-goods-soups,"('Signature SELECT Tuna Albacore Solid White in Water  ', '4-5 Oz')",True,4-5 Oz,Signature SELECT Tuna Albacore Solid White in Water  
695,Your Price $1.79 each,Starkist Tomato Basil Microwavable Tuna Creations - 4.5 OZ,($0.40 / Ounce),canned-goods-soups,"('Starkist Tomato Basil Microwavable Tuna Creations ', ' 4.5 OZ')",True, 4.5 OZ,Starkist Tomato Basil Microwavable Tuna Creations 
696,Your Price $3.29 each,Bumble Bee Clams Chopped in Clam Juice - 6.5 Oz,($0.51 / Ounce),canned-goods-soups,"('Bumble Bee Clams Chopped in Clam Juice ', ' 6.5 Oz')",True, 6.5 Oz,Bumble Bee Clams Chopped in Clam Juice 
697,Your Price $3.99 each,Signature SELECT Tuna Chunk Light in Water - 4-5 Oz,($0.20 / Ounce),canned-goods-soups,"('Signature SELECT Tuna Chunk Light in Water  ', '4-5 Oz')",True,4-5 Oz,Signature SELECT Tuna Chunk Light in Water  
698,Your Price $3.29 each,StarKist Tuna Chunk Light in Water - 12 Oz,($0.27 / Ounce),canned-goods-soups,"('StarKist Tuna Chunk Light in Water ', ' 12 Oz')",True, 12 Oz,StarKist Tuna Chunk Light in Water 
699,Your Price $2.19 each,Bumble Bee Tuna Albacore Solid White in Water - 5 Oz,($0.44 / Ounce),canned-goods-soups,"('Bumble Bee Tuna Albacore Solid White in Water ', ' 5 Oz')",True, 5 Oz,Bumble Bee Tuna Albacore Solid White in Water 
700,Your Price $1.79 each,StarKist Tuna Salad Ready-To-Eat Original Deli Style - 3 Oz,($0.60 / Ounce),canned-goods-soups,"('StarKist Tuna Salad Ready ToEat Original Deli Style', '3 Oz')",True,3 Oz,StarKist Tuna Salad Ready ToEat Original Deli Style
701,Your Price $1.79 each,StarKist Tuna Creations Bold Hot Buffalo Style - 2.6 Oz,($0.69 / Ounce),canned-goods-soups,"('StarKist Tuna Creations Bold Hot Buffalo Style ', ' 2.6 Oz')",True, 2.6 Oz,StarKist Tuna Creations Bold Hot Buffalo Style 
702,Your Price $4.49 each,Signature SELECT Tuna Albacore Solid White in Water - 12 Oz,($0.37 / Ounce),canned-goods-soups,"('Signature SELECT Tuna Albacore Solid White in Water ', ' 12 Oz')",True, 12 Oz,Signature SELECT Tuna Albacore Solid White in Water 
703,Your Price $3.99 each,StarKist Tuna Albacore White in Water - 6.4 Oz,($0.62 / Ounce),canned-goods-soups,"('StarKist Tuna Albacore White in Water ', ' 6.4 Oz')",True, 6.4 Oz,StarKist Tuna Albacore White in Water 
704,Your Price $4.49 each,Signature SELECT Salmon Pink Alaska - 14.75 Oz,($0.30 / Ounce),canned-goods-soups,"('Signature SELECT Salmon Pink Alaska ', ' 14.75 Oz')",True, 14.75 Oz,Signature SELECT Salmon Pink Alaska 
705,Your Price $4.99 each,Bumble Bee Tuna Albacore Solid White in Water - 12 Oz,($0.42 / Ounce),canned-goods-soups,"('Bumble Bee Tuna Albacore Solid White in Water ', ' 12 Oz')",True, 12 Oz,Bumble Bee Tuna Albacore Solid White in Water 
706,Your Price $4.79 each,StarKist Tuna Albacore Solid White in Water - 12 Oz,($0.40 / Ounce),canned-goods-soups,"('StarKist Tuna Albacore Solid White in Water ', ' 12 Oz')",True, 12 Oz,StarKist Tuna Albacore Solid White in Water 
707,Your Price $5.69 each,Bumble Bee Chunk Light Tuna In Water - 20 Oz,($0.28 / Ounce),canned-goods-soups,"('Bumble Bee Chunk Light Tuna In Water ', ' 20 Oz')",True, 20 Oz,Bumble Bee Chunk Light Tuna In Water 
708,Your Price $2.29 each,Chicken of the Sea Pink Salmon Skinless & Boneless - 2.5 Oz,($0.92 / Ounce),canned-goods-soups,"('Chicken of the Sea Pink Salmon Skinless & Boneless ', ' 2.5 Oz')",True, 2.5 Oz,Chicken of the Sea Pink Salmon Skinless & Boneless 
709,Your Price $1.79 each,StarKist Tuna Chunk Light in Water - 2.6 Oz,($0.69 / Ounce),canned-goods-soups,"('StarKist Tuna Chunk Light in Water ', ' 2.6 Oz')",True, 2.6 Oz,StarKist Tuna Chunk Light in Water 
710,Your Price $0.99 each,Signature SELECT Tuna Chunk Light in Water - 5 Oz,($0.20 / Ounce),canned-goods-soups,"('Signature SELECT Tuna Chunk Light in Water ', ' 5 Oz')",True, 5 Oz,Signature SELECT Tuna Chunk Light in Water 
711,Your Price $3.29 each,StarKist Tuna Chunk Light in Water - 6.4 Oz,($0.51 / Ounce),canned-goods-soups,"('StarKist Tuna Chunk Light in Water ', ' 6.4 Oz')",True, 6.4 Oz,StarKist Tuna Chunk Light in Water 
712,Your Price $2.19 each,StarKist Tuna Albacore Solid White in Water - 5 Oz,($0.44 / Ounce),canned-goods-soups,"('StarKist Tuna Albacore Solid White in Water ', ' 5 Oz')",True, 5 Oz,StarKist Tuna Albacore Solid White in Water 
713,Your Price $3.29 each,Bumble Bee Clams Minced in Clam Juice - 6.5 Oz,($0.51 / Ounce),canned-goods-soups,"('Bumble Bee Clams Minced in Clam Juice ', ' 6.5 Oz')",True, 6.5 Oz,Bumble Bee Clams Minced in Clam Juice 
714,Your Price $2.49 each,Signature SELECT Tuna Solid Albacore In Water - 5 Oz,($0.50 / Ounce),canned-goods-soups,"('Signature SELECT Tuna Solid Albacore In Water ', ' 5 Oz')",True, 5 Oz,Signature SELECT Tuna Solid Albacore In Water 
715,Your Price $4.79 each,Bumble Bee Tuna Albacore Solid White in Water - 3-3 Oz,($0.53 / Ounce),canned-goods-soups,"('Bumble Bee Tuna Albacore Solid White in Water  ', '3-3 Oz')",True,3-3 Oz,Bumble Bee Tuna Albacore Solid White in Water  
716,Your Price $2.99 each,Signature SELECT Tuna Chunk Light in Water - 12 Oz,($0.25 / Ounce),canned-goods-soups,"('Signature SELECT Tuna Chunk Light in Water ', ' 12 Oz')",True, 12 Oz,Signature SELECT Tuna Chunk Light in Water 
717,Your Price $3.29 each,Bumble Bee Tuna Chunk Light in Water - 12 Oz,($0.27 / Ounce),canned-goods-soups,"('Bumble Bee Tuna Chunk Light in Water ', ' 12 Oz')",True, 12 Oz,Bumble Bee Tuna Chunk Light in Water 
718,Your Price $4.99 each,StarKist Tuna Chunk Light in Water - 4-5 Oz,($0.25 / Ounce),canned-goods-soups,"('StarKist Tuna Chunk Light in Water  ', '4-5 Oz')",True,4-5 Oz,StarKist Tuna Chunk Light in Water  
719,Your Price $3.49 each,Bumble Bee Crabmeat Premium Select Wild Fancy White - 6 Oz,($0.58 / Ounce),canned-goods-soups,"('Bumble Bee Crabmeat Premium Select Wild Fancy White ', ' 6 Oz')",True, 6 Oz,Bumble Bee Crabmeat Premium Select Wild Fancy White 
720,Your Price $2.99 each,BUSH'S BEST Original Baked Beans - 28 Oz,($0.11 / Ounce),canned-goods-soups,"(""BUSH'S BEST Original Baked Beans "", ' 28 Oz')",True, 28 Oz,BUSH'S BEST Original Baked Beans 
721,Your Price $2.79 each,Rosarita Traditional Refried Beans - 16 Oz,($0.17 / Ounce),canned-goods-soups,"('Rosarita Traditional Refried Beans ', ' 16 Oz')",True, 16 Oz,Rosarita Traditional Refried Beans 
722,Your Price $1.99 each,Van Camp's Pork And Beans Canned Beans - 15 Oz,($0.13 / Ounce),canned-goods-soups,"(""Van Camp's Pork And Beans Canned Beans "", ' 15 Oz')",True, 15 Oz,Van Camp's Pork And Beans Canned Beans 
723,Your Price $1.50 each,BUSH'S BEST Dark Red Kidney Beans - 16 Oz,($0.09 / Ounce),canned-goods-soups,"(""BUSH'S BEST Dark Red Kidney Beans "", ' 16 Oz')",True, 16 Oz,BUSH'S BEST Dark Red Kidney Beans 
724,Your Price $1.33 each,Signature SELECT Beans Black - 15 Oz,($0.09 / Ounce),canned-goods-soups,"('Signature SELECT Beans Black ', ' 15 Oz')",True, 15 Oz,Signature SELECT Beans Black 
725,Your Price $2.99 each,BUSH'S BEST Brown Sugar Hickory Baked Beans - 28 Oz,($0.11 / Ounce),canned-goods-soups,"(""BUSH'S BEST Brown Sugar Hickory Baked Beans "", ' 28 Oz')",True, 28 Oz,BUSH'S BEST Brown Sugar Hickory Baked Beans 
726,Your Price $1.50 each,BUSH'S BEST Black Beans - 15 Oz,($0.10 / Ounce),canned-goods-soups,"(""BUSH'S BEST Black Beans "", ' 15 Oz')",True, 15 Oz,BUSH'S BEST Black Beans 
727,Your Price $1.99 each,O Organics Organic Beans Black - 15 Oz,($0.13 / Ounce),canned-goods-soups,"('O Organics Organic Beans Black ', ' 15 Oz')",True, 15 Oz,O Organics Organic Beans Black 
728,Your Price $1.99 each,Signature SELECT Beans Kidney Dark Red - 29 Oz,($0.07 / Ounce),canned-goods-soups,"('Signature SELECT Beans Kidney Dark Red ', ' 29 Oz')",True, 29 Oz,Signature SELECT Beans Kidney Dark Red 
729,Your Price $1.33 each,Signature SELECT Beans Pinto - 15.5 Oz,($0.09 / Ounce),canned-goods-soups,"('Signature SELECT Beans Pinto ', ' 15.5 Oz')",True, 15.5 Oz,Signature SELECT Beans Pinto 
730,Your Price $1.33 each,Signature SELECT Beans Cannellini - 15.5 Oz,($0.09 / Ounce),canned-goods-soups,"('Signature SELECT Beans Cannellini ', ' 15.5 Oz')",True, 15.5 Oz,Signature SELECT Beans Cannellini 
731,Your Price $1.99 each,BUSH'S BEST Original Baked Beans - 8.3 Oz,($0.24 / Ounce),canned-goods-soups,"(""BUSH'S BEST Original Baked Beans "", ' 8.3 Oz')",True, 8.3 Oz,BUSH'S BEST Original Baked Beans 
732,Your Price $2.39 each,BUSH'S BEST Pinto Beans in a Mild Chili Sauce - 16 Oz,($0.15 / Ounce),canned-goods-soups,"(""BUSH'S BEST Pinto Beans in a Mild Chili Sauce "", ' 16 Oz')",True, 16 Oz,BUSH'S BEST Pinto Beans in a Mild Chili Sauce 
733,Your Price $1.50 each,BUSH'S BEST Pinto Beans - 16 Oz,($0.09 / Ounce),canned-goods-soups,"(""BUSH'S BEST Pinto Beans "", ' 16 Oz')",True, 16 Oz,BUSH'S BEST Pinto Beans 
734,Your Price $1.33 each,Signature SELECT Beans Garbanzo - 15 Oz,($0.09 / Ounce),canned-goods-soups,"('Signature SELECT Beans Garbanzo ', ' 15 Oz')",True, 15 Oz,Signature SELECT Beans Garbanzo 
735,Your Price $2.39 each,BUSH'S BEST Mixed Beans in a Mild Chili Sauce - 15.5 Oz,($0.15 / Ounce),canned-goods-soups,"(""BUSH'S BEST Mixed Beans in a Mild Chili Sauce "", ' 15.5 Oz')",True, 15.5 Oz,BUSH'S BEST Mixed Beans in a Mild Chili Sauce 
736,Your Price $2.39 each,BUSH'S BEST Kidney Beans in a Mild Chili Sauce - 16 Oz,($0.15 / Ounce),canned-goods-soups,"(""BUSH'S BEST Kidney Beans in a Mild Chili Sauce "", ' 16 Oz')",True, 16 Oz,BUSH'S BEST Kidney Beans in a Mild Chili Sauce 
737,Your Price $2.29 each,BUSH'S BEST Original Baked Beans - 16 Oz,($0.14 / Ounce),canned-goods-soups,"(""BUSH'S BEST Original Baked Beans "", ' 16 Oz')",True, 16 Oz,BUSH'S BEST Original Baked Beans 
738,Your Price $1.33 each,Signature SELECT Beans Kidney Dark Red - 15 Oz,($0.09 / Ounce),canned-goods-soups,"('Signature SELECT Beans Kidney Dark Red ', ' 15 Oz')",True, 15 Oz,Signature SELECT Beans Kidney Dark Red 
739,Your Price $4.99 each,BUSH'S BEST Original Baked Beans - 55 Oz,($0.09 / Ounce),canned-goods-soups,"(""BUSH'S BEST Original Baked Beans "", ' 55 Oz')",True, 55 Oz,BUSH'S BEST Original Baked Beans 
740,Your Price $1.33 each,Signature SELECT Beans Kidney Dark Red Low Sodium - 15.5 Oz,($0.09 / Ounce),canned-goods-soups,"('Signature SELECT Beans Kidney Dark Red Low Sodium ', ' 15.5 Oz')",True, 15.5 Oz,Signature SELECT Beans Kidney Dark Red Low Sodium 
741,Your Price $1.33 each,Signature SELECT Beans Kidney Light Red - 15 Oz,($0.09 / Ounce),canned-goods-soups,"('Signature SELECT Beans Kidney Light Red ', ' 15 Oz')",True, 15 Oz,Signature SELECT Beans Kidney Light Red 
742,Your Price $2.29 each,BUSH'S BEST Maple & Cured Bacon Baked Beans - 16 Oz,($0.14 / Ounce),canned-goods-soups,"(""BUSH'S BEST Maple & Cured Bacon Baked Beans "", ' 16 Oz')",True, 16 Oz,BUSH'S BEST Maple & Cured Bacon Baked Beans 
743,Your Price $1.99 each,Signature SELECT Beans Black - 29 Oz,($0.07 / Ounce),canned-goods-soups,"('Signature SELECT Beans Black ', ' 29 Oz')",True, 29 Oz,Signature SELECT Beans Black 
744,Your Price $1.50 each,BUSH'S BEST Great Northern Beans - 15.8 Oz,($0.09 / Ounce),canned-goods-soups,"(""BUSH'S BEST Great Northern Beans "", ' 15.8 Oz')",True, 15.8 Oz,BUSH'S BEST Great Northern Beans 
745,Your Price $1.50 each,BUSH'S BEST Reduced Sodium Black Beans - 15 Oz,($0.10 / Ounce),canned-goods-soups,"(""BUSH'S BEST Reduced Sodium Black Beans "", ' 15 Oz')",True, 15 Oz,BUSH'S BEST Reduced Sodium Black Beans 
746,Your Price $1.50 each,BUSH'S BEST Reduced Sodium Dark Red Kidney Beans - 16 Oz,($0.09 / Ounce),canned-goods-soups,"(""BUSH'S BEST Reduced Sodium Dark Red Kidney Beans "", ' 16 Oz')",True, 16 Oz,BUSH'S BEST Reduced Sodium Dark Red Kidney Beans 
747,Your Price $1.33 each,Signature SELECT Beans White - 15.5 Oz,($0.09 / Ounce),canned-goods-soups,"('Signature SELECT Beans White ', ' 15.5 Oz')",True, 15.5 Oz,Signature SELECT Beans White 
748,Your Price $2.99 each,BUSH'S BEST Bourbon and Brown Sugar Grillin Beans - 22 Oz,($0.14 / Ounce),canned-goods-soups,"(""BUSH'S BEST Bourbon and Brown Sugar Grillin Beans "", ' 22 Oz')",True, 22 Oz,BUSH'S BEST Bourbon and Brown Sugar Grillin Beans 
749,Your Price $1.33 each,Signature SELECT Beans Black Low Sodium - 15 Oz,($0.09 / Ounce),canned-goods-soups,"('Signature SELECT Beans Black Low Sodium ', ' 15 Oz')",True, 15 Oz,Signature SELECT Beans Black Low Sodium 
750,Your Price $6.99 each,Pacific Organic Stock Chicken - 32 Fl. Oz.,($0.22 / Fl.oz),canned-goods-soups,"('Pacific Organic Stock Chicken ', ' 32 Fl. Oz.')",True, 32 Fl. Oz.,Pacific Organic Stock Chicken 
751,Your Price $4.99 each,O Organics Organic Broth Bone Chicken - 32 Oz,($0.16 / Ounce),canned-goods-soups,"('O Organics Organic Broth Bone Chicken ', ' 32 Oz')",True, 32 Oz,O Organics Organic Broth Bone Chicken 
752,Your Price $8.29 each,Pacific Organic Bone Broth Chicken - 32 Fl. Oz.,($0.26 / Fl.oz),canned-goods-soups,"('Pacific Organic Bone Broth Chicken ', ' 32 Fl. Oz.')",True, 32 Fl. Oz.,Pacific Organic Bone Broth Chicken 
753,Your Price $3.49 each,Swanson Broth Chicken - 32 Oz,($0.11 / Ounce),canned-goods-soups,"('Swanson Broth Chicken ', ' 32 Oz')",True, 32 Oz,Swanson Broth Chicken 
754,Your Price $3.49 each,O Organics Organic Broth Chicken Low Sodium Aseptic - 32 Oz,($0.11 / Ounce),canned-goods-soups,"('O Organics Organic Broth Chicken Low Sodium Aseptic ', ' 32 Oz')",True, 32 Oz,O Organics Organic Broth Chicken Low Sodium Aseptic 
755,Your Price $4.49 each,Swanson Broth Chicken - 48 Oz,($0.09 / Ounce),canned-goods-soups,"('Swanson Broth Chicken ', ' 48 Oz')",True, 48 Oz,Swanson Broth Chicken 
756,Your Price $1.79 each,Swanson Broth Beef - 14.5 Oz,($0.12 / Ounce),canned-goods-soups,"('Swanson Broth Beef ', ' 14.5 Oz')",True, 14.5 Oz,Swanson Broth Beef 
757,Your Price $3.49 each,Swanson Broth Beef 50% Less Sodium - 32 Oz,($0.11 / Ounce),canned-goods-soups,"('Swanson Broth Beef 50% Less Sodium ', ' 32 Oz')",True, 32 Oz,Swanson Broth Beef 50% Less Sodium 
758,Your Price $1.79 each,Swanson Broth Chicken - 14.5 Oz,($0.12 / Ounce),canned-goods-soups,"('Swanson Broth Chicken ', ' 14.5 Oz')",True, 14.5 Oz,Swanson Broth Chicken 
759,Your Price $6.29 each,Better Than Bouillon Base Premium Roasted Chicken - 8 Oz,($0.79 / Ounce),canned-goods-soups,"('Better Than Bouillon Base Premium Roasted Chicken ', ' 8 Oz')",True, 8 Oz,Better Than Bouillon Base Premium Roasted Chicken 
760,Your Price $6.29 each,Better Than Bouillon Base Reduced Sodium Chicken - 8 Oz,($0.79 / Ounce),canned-goods-soups,"('Better Than Bouillon Base Reduced Sodium Chicken ', ' 8 Oz')",True, 8 Oz,Better Than Bouillon Base Reduced Sodium Chicken 
761,Your Price $3.79 each,Swanson Cooking Stock Chicken Unsalted - 32 Oz,($0.12 / Ounce),canned-goods-soups,"('Swanson Cooking Stock Chicken Unsalted ', ' 32 Oz')",True, 32 Oz,Swanson Cooking Stock Chicken Unsalted 
762,Your Price $3.49 each,Swanson Crafted Broth Beef Artisan Brick - 32 Oz,($0.11 / Ounce),canned-goods-soups,"('Swanson Crafted Broth Beef Artisan Brick ', ' 32 Oz')",True, 32 Oz,Swanson Crafted Broth Beef Artisan Brick 
763,Your Price $6.29 each,Better Than Bouillon Base Premium Roasted Beef - 8 Oz,($0.79 / Ounce),canned-goods-soups,"('Better Than Bouillon Base Premium Roasted Beef ', ' 8 Oz')",True, 8 Oz,Better Than Bouillon Base Premium Roasted Beef 
764,Your Price $3.49 each,O Organics Organic Broth Chicken - 32 Oz,($0.11 / Ounce),canned-goods-soups,"('O Organics Organic Broth Chicken ', ' 32 Oz')",True, 32 Oz,O Organics Organic Broth Chicken 
765,Your Price $3.49 each,O Organics Organic Broth Low Sodium Vegetable - 32 Oz,($0.11 / Ounce),canned-goods-soups,"('O Organics Organic Broth Low Sodium Vegetable ', ' 32 Oz')",True, 32 Oz,O Organics Organic Broth Low Sodium Vegetable 
766,Your Price $3.49 each,Swanson Broth Vegetable - 32 Oz,($0.11 / Ounce),canned-goods-soups,"('Swanson Broth Vegetable ', ' 32 Oz')",True, 32 Oz,Swanson Broth Vegetable 
767,Your Price $1.79 each,Swanson Natural Goodness Broth Chicken - 14.5 Oz,($0.12 / Ounce),canned-goods-soups,"('Swanson Natural Goodness Broth Chicken ', ' 14.5 Oz')",True, 14.5 Oz,Swanson Natural Goodness Broth Chicken 
768,Your Price $4.99 each,O Organics Organic Bone Broth Beef - 32 Oz,($0.16 / Ounce),canned-goods-soups,"('O Organics Organic Bone Broth Beef ', ' 32 Oz')",True, 32 Oz,O Organics Organic Bone Broth Beef 
769,Your Price $4.99 each,Kitchen Basics Unsalted Chicken Stock - 32 Fl. Oz.,($0.16 / Ounce),canned-goods-soups,"('Kitchen Basics Unsalted Chicken Stock ', ' 32 Fl. Oz.')",True, 32 Fl. Oz.,Kitchen Basics Unsalted Chicken Stock 
770,Your Price $6.29 each,Better Than Bouillon Base Reduced Sodium Beef - 8 Oz,($0.79 / Ounce),canned-goods-soups,"('Better Than Bouillon Base Reduced Sodium Beef ', ' 8 Oz')",True, 8 Oz,Better Than Bouillon Base Reduced Sodium Beef 
771,Your Price $3.79 each,Swanson Cooking Stock Chicken - 32 Oz,($0.12 / Ounce),canned-goods-soups,"('Swanson Cooking Stock Chicken ', ' 32 Oz')",True, 32 Oz,Swanson Cooking Stock Chicken 
772,Your Price $2.79 each,Signature SELECT Broth Chicken - 32 Oz,($0.09 / Ounce),canned-goods-soups,"('Signature SELECT Broth Chicken ', ' 32 Oz')",True, 32 Oz,Signature SELECT Broth Chicken 
773,Your Price $2.79 each,Signature SELECT Cooking Stock Chicken - 32 Oz,($0.09 / Ounce),canned-goods-soups,"('Signature SELECT Cooking Stock Chicken ', ' 32 Oz')",True, 32 Oz,Signature SELECT Cooking Stock Chicken 
774,Your Price $2.79 each,Signature SELECT Broth Beef Fat Free - 32 Oz,($0.09 / Ounce),canned-goods-soups,"('Signature SELECT Broth Beef Fat Free ', ' 32 Oz')",True, 32 Oz,Signature SELECT Broth Beef Fat Free 
775,Your Price $3.79 each,Swanson Cooking Stock Beef - 32 Oz,($0.12 / Ounce),canned-goods-soups,"('Swanson Cooking Stock Beef ', ' 32 Oz')",True, 32 Oz,Swanson Cooking Stock Beef 
776,Your Price $2.79 each,Signature SELECT Broth Chicken Reduced Sodium - 32 Oz,($0.09 / Ounce),canned-goods-soups,"('Signature SELECT Broth Chicken Reduced Sodium ', ' 32 Oz')",True, 32 Oz,Signature SELECT Broth Chicken Reduced Sodium 
777,Your Price $3.99 each,Bonafide Chicken Broth No Salt Organic - 32 FZ,($0.12 / Fl.oz),canned-goods-soups,"('Bonafide Chicken Broth No Salt Organic ', ' 32 FZ')",True, 32 FZ,Bonafide Chicken Broth No Salt Organic 
778,Your Price $2.79 each,Hormel Chili with Beans - 15 Oz,($0.19 / Ounce),canned-goods-soups,"('Hormel Chili with Beans ', ' 15 Oz')",True, 15 Oz,Hormel Chili with Beans 
779,Your Price $1.79 each,Campbells SpaghettiOs Pasta Plus Calcium - 15.8 Oz,($0.11 / Ounce),canned-goods-soups,"('Campbells SpaghettiOs Pasta Plus Calcium ', ' 15.8 Oz')",True, 15.8 Oz,Campbells SpaghettiOs Pasta Plus Calcium 
780,Your Price $1.59 each,Chef Boyardee Beef Ravioli - 15 Oz,($0.11 / Ounce),canned-goods-soups,"('Chef Boyardee Beef Ravioli ', ' 15 Oz')",True, 15 Oz,Chef Boyardee Beef Ravioli 
781,Your Price $1.79 each,Campbells SpaghettiOs Pasta Franks - 15.6 Oz,($0.11 / Ounce),canned-goods-soups,"('Campbells SpaghettiOs Pasta Franks ', ' 15.6 Oz')",True, 15.6 Oz,Campbells SpaghettiOs Pasta Franks 
782,Your Price $2.99 each,Hormel Chili No Beans Can - 15 Oz,($0.20 / Ounce),canned-goods-soups,"('Hormel Chili No Beans Can ', ' 15 Oz')",True, 15 Oz,Hormel Chili No Beans Can 
783,Your Price $4.49 each,Amy's Medium Chili - 14.7 Oz,($0.31 / Ounce),canned-goods-soups,"(""Amy's Medium Chili "", ' 14.7 Oz')",True, 14.7 Oz,Amy's Medium Chili 
784,Your Price $5.49 each,Dinty Moore Hearty Meals Beef Stew - 38 Oz,($0.14 / Ounce),canned-goods-soups,"('Dinty Moore Hearty Meals Beef Stew ', ' 38 Oz')",True, 38 Oz,Dinty Moore Hearty Meals Beef Stew 
785,Your Price $2.50 each,Dinty Moore Beef Stew - 20 Oz,($0.13 / Ounce),canned-goods-soups,"('Dinty Moore Beef Stew ', ' 20 Oz')",True, 20 Oz,Dinty Moore Beef Stew 
786,Your Price $2.49 each,Signature Select Hash Corned Beef - 14 Oz,($0.18 / Ounce),canned-goods-soups,"('Signature Select Hash Corned Beef ', ' 14 Oz')",True, 14 Oz,Signature Select Hash Corned Beef 
787,Your Price $1.59 each,Chef Boyardee Beefaroni - 15 Oz,($0.11 / Ounce),canned-goods-soups,"('Chef Boyardee Beefaroni ', ' 15 Oz')",True, 15 Oz,Chef Boyardee Beefaroni 
788,Your Price $1.79 each,Campbells SpaghettiOs Pasta Meatballs - 14.75 Oz,($0.11 / Ounce),canned-goods-soups,"('Campbells SpaghettiOs Pasta Meatballs ', ' 14.75 Oz')",True, 14.75 Oz,Campbells SpaghettiOs Pasta Meatballs 
789,Your Price $2.49 each,Dinty Moore Beef Stew - 15 Oz,($0.17 / Ounce),canned-goods-soups,"('Dinty Moore Beef Stew ', ' 15 Oz')",True, 15 Oz,Dinty Moore Beef Stew 
790,Your Price $1.59 each,Chef Boyardee Spaghetti And Meatballs - 14.5 Oz,($0.11 / Ounce),canned-goods-soups,"('Chef Boyardee Spaghetti And Meatballs ', ' 14.5 Oz')",True, 14.5 Oz,Chef Boyardee Spaghetti And Meatballs 
791,Your Price $3.00 each,Mary Kitchen Corned Beef Hash - 14 Oz,($0.20 / Ounce),canned-goods-soups,"('Mary Kitchen Corned Beef Hash ', ' 14 Oz')",True, 14 Oz,Mary Kitchen Corned Beef Hash 
792,Your Price $1.99 each,Manwich Original Sloppy Joe Canned Sauce - 15 Oz,($0.13 / Ounce),canned-goods-soups,"('Manwich Original Sloppy Joe Canned Sauce ', ' 15 Oz')",True, 15 Oz,Manwich Original Sloppy Joe Canned Sauce 
793,Your Price $1.59 each,Chef Boyardee Mini Ravioli - 15 Oz,($0.11 / Ounce),canned-goods-soups,"('Chef Boyardee Mini Ravioli ', ' 15 Oz')",True, 15 Oz,Chef Boyardee Mini Ravioli 
794,Your Price $1.59 each,Chef Boyardee Mini Beef Ravioli And Meatballs - 15 Oz,($0.11 / Ounce),canned-goods-soups,"('Chef Boyardee Mini Beef Ravioli And Meatballs ', ' 15 Oz')",True, 15 Oz,Chef Boyardee Mini Beef Ravioli And Meatballs 
795,Your Price $2.49 each,Manwich Original Sloppy Joe Canned Sauce - 24 Oz,($0.10 / Ounce),canned-goods-soups,"('Manwich Original Sloppy Joe Canned Sauce ', ' 24 Oz')",True, 24 Oz,Manwich Original Sloppy Joe Canned Sauce 
796,Your Price $2.79 each,Hormel Chili Chunky with Beans - 15 Oz,($0.19 / Ounce),canned-goods-soups,"('Hormel Chili Chunky with Beans ', ' 15 Oz')",True, 15 Oz,Hormel Chili Chunky with Beans 
797,Your Price $3.00 each,Mary Kitchen Roast Beef Hash - 14 Oz,($0.21 / Ounce),canned-goods-soups,"('Mary Kitchen Roast Beef Hash ', ' 14 Oz')",True, 14 Oz,Mary Kitchen Roast Beef Hash 
798,Your Price $2.99 each,Hormel Hot Chili Without Beans - 15 OZ,($0.20 / Ounce),canned-goods-soups,"('Hormel Hot Chili Without Beans ', ' 15 OZ')",True, 15 OZ,Hormel Hot Chili Without Beans 
799,Your Price $5.49 each,Chef Boyardee Spaghetti And Meatballs - 4-14.5 Oz,($0.09 / Ounce),canned-goods-soups,"('Chef Boyardee Spaghetti And Meatballs  ', '4-14.5 Oz')",True,4-14.5 Oz,Chef Boyardee Spaghetti And Meatballs  
800,Your Price $5.49 each,Chef Boyardee Beef Ravioli - 4-15 Oz,($0.09 / Ounce),canned-goods-soups,"('Chef Boyardee Beef Ravioli  ', '4-15 Oz')",True,4-15 Oz,Chef Boyardee Beef Ravioli  
801,Your Price $5.49 each,Chef Boyardee Mini Ravioli - 4-15 Oz,($0.09 / Ounce),canned-goods-soups,"('Chef Boyardee Mini Ravioli  ', '4-15 Oz')",True,4-15 Oz,Chef Boyardee Mini Ravioli  
802,Your Price $2.99 each,Hormel Chili Chunky No Beans - 15 Oz,($0.20 / Ounce),canned-goods-soups,"('Hormel Chili Chunky No Beans ', ' 15 Oz')",True, 15 Oz,Hormel Chili Chunky No Beans 
803,Your Price $2.79 each,Hormel Chili Hot with Beans - 15 Oz,($0.19 / Ounce),canned-goods-soups,"('Hormel Chili Hot with Beans ', ' 15 Oz')",True, 15 Oz,Hormel Chili Hot with Beans 
804,Your Price $1.99 each,Manwich Bourbon BBQ Flavor Sloppy Joe Canned Sauce - 16 Oz,($0.12 / Ounce),canned-goods-soups,"('Manwich Bourbon BBQ Flavor Sloppy Joe Canned Sauce ', ' 16 Oz')",True, 16 Oz,Manwich Bourbon BBQ Flavor Sloppy Joe Canned Sauce 
805,Your Price $1.99 each,Manwich Thick And Chunky Sloppy Joe Canned Sauce - 15.5 Oz,($0.13 / Ounce),canned-goods-soups,"('Manwich Thick And Chunky Sloppy Joe Canned Sauce ', ' 15.5 Oz')",True, 15.5 Oz,Manwich Thick And Chunky Sloppy Joe Canned Sauce 
806,Your Price $1.59 each,Signature SELECT Peaches Sliced in 100% Juice - 15 Oz,($0.11 / Ounce),canned-goods-soups,"('Signature SELECT Peaches Sliced in 100% Juice ', ' 15 Oz')",True, 15 Oz,Signature SELECT Peaches Sliced in 100% Juice 
807,Your Price $1.59 each,Signature SELECT Peaches Halves in 100% Juice Can - 15 Oz,($0.11 / Ounce),canned-goods-soups,"('Signature SELECT Peaches Halves in 100% Juice Can ', ' 15 Oz')",True, 15 Oz,Signature SELECT Peaches Halves in 100% Juice Can 
808,Your Price $3.79 each,Dole Peaches Sliced in 100% Fruit Juice - 23.5 Oz,($0.16 / Ounce),canned-goods-soups,"('Dole Peaches Sliced in 100% Fruit Juice ', ' 23.5 Oz')",True, 23.5 Oz,Dole Peaches Sliced in 100% Fruit Juice 
809,Your Price $1.69 each,Dole Mandarin Oranges in Light Syrup - 11 Oz,($0.15 / Ounce),canned-goods-soups,"('Dole Mandarin Oranges in Light Syrup ', ' 11 Oz')",True, 11 Oz,Dole Mandarin Oranges in Light Syrup 
810,Your Price $2.19 each,Ocean Spray Sauce Jellied Cranberry - 14 Oz,($0.16 / Ounce),canned-goods-soups,"('Ocean Spray Sauce Jellied Cranberry ', ' 14 Oz')",True, 14 Oz,Ocean Spray Sauce Jellied Cranberry 
811,Your Price $9.99 each,Del Monte Sliced Peaches In 100% Juice Can - 4-15 Oz,($0.17 / Ounce),canned-goods-soups,"('Del Monte Sliced Peaches In 100% Juice Can  ', '4-15 Oz')",True,4-15 Oz,Del Monte Sliced Peaches In 100% Juice Can  
812,Your Price $2.19 each,Del Monte Peaches Sliced in 100% Juice - 15 Oz,($0.15 / Ounce),canned-goods-soups,"('Del Monte Peaches Sliced in 100% Juice ', ' 15 Oz')",True, 15 Oz,Del Monte Peaches Sliced in 100% Juice 
813,Your Price $2.99 each,Signature SELECT Peaches Sliced in Heavy Syrup Can - 29 Oz,($0.10 / Ounce),canned-goods-soups,"('Signature SELECT Peaches Sliced in Heavy Syrup Can ', ' 29 Oz')",True, 29 Oz,Signature SELECT Peaches Sliced in Heavy Syrup Can 
814,Your Price $2.99 each,Signature SELECT Fruit Cocktail in Heavy Syrup Can - 30 Oz,($0.10 / Ounce),canned-goods-soups,"('Signature SELECT Fruit Cocktail in Heavy Syrup Can ', ' 30 Oz')",True, 30 Oz,Signature SELECT Fruit Cocktail in Heavy Syrup Can 
815,Your Price $2.49 each,Dole Pineapple Chunks in 100% Pineapple Juice - 20 Oz,($0.12 / Ounce),canned-goods-soups,"('Dole Pineapple Chunks in 100% Pineapple Juice ', ' 20 Oz')",True, 20 Oz,Dole Pineapple Chunks in 100% Pineapple Juice 
816,Your Price $2.49 each,Dole Pineapple Crushed in 100% Pineapple Juice - 20 Oz,($0.12 / Ounce),canned-goods-soups,"('Dole Pineapple Crushed in 100% Pineapple Juice ', ' 20 Oz')",True, 20 Oz,Dole Pineapple Crushed in 100% Pineapple Juice 
817,Your Price $2.49 each,Dole Pineapple Slices in 100% Pineapple Juice - 20 Oz,($0.12 / Ounce),canned-goods-soups,"('Dole Pineapple Slices in 100% Pineapple Juice ', ' 20 Oz')",True, 20 Oz,Dole Pineapple Slices in 100% Pineapple Juice 
818,Your Price $2.19 each,Dole Mandarin Oranges in Light Syrup - 15 Oz,($0.15 / Ounce),canned-goods-soups,"('Dole Mandarin Oranges in Light Syrup ', ' 15 Oz')",True, 15 Oz,Dole Mandarin Oranges in Light Syrup 
819,Your Price $2.19 each,Del Monte Peaches Sliced in Heavy Syrup - 15.25 Oz,($0.14 / Ounce),canned-goods-soups,"('Del Monte Peaches Sliced in Heavy Syrup ', ' 15.25 Oz')",True, 15.25 Oz,Del Monte Peaches Sliced in Heavy Syrup 
820,Your Price $1.59 each,Signature SELECT Apricot Halves in 100% Juice - 15 Oz,($0.11 / Ounce),canned-goods-soups,"('Signature SELECT Apricot Halves in 100% Juice ', ' 15 Oz')",True, 15 Oz,Signature SELECT Apricot Halves in 100% Juice 
821,Your Price $2.19 each,Del Monte Pears Sliced Northwest No Sugar Added - 14.5 Oz,($0.15 / Ounce),canned-goods-soups,"('Del Monte Pears Sliced Northwest No Sugar Added ', ' 14.5 Oz')",True, 14.5 Oz,Del Monte Pears Sliced Northwest No Sugar Added 
822,Your Price $1.49 each,Dole Pineapple Chunks in 100% Pineapple Juice - 8 Oz,($0.19 / Ounce),canned-goods-soups,"('Dole Pineapple Chunks in 100% Pineapple Juice ', ' 8 Oz')",True, 8 Oz,Dole Pineapple Chunks in 100% Pineapple Juice 
823,Your Price $2.19 each,Del Monte Fruit Cocktail in Heavy Syrup - 15.25 Oz,($0.14 / Ounce),canned-goods-soups,"('Del Monte Fruit Cocktail in Heavy Syrup ', ' 15.25 Oz')",True, 15.25 Oz,Del Monte Fruit Cocktail in Heavy Syrup 
824,Your Price $1.59 each,Signature SELECT Fruit Cocktail in 100% Juice Can - 15 Oz,($0.11 / Ounce),canned-goods-soups,"('Signature SELECT Fruit Cocktail in 100% Juice Can ', ' 15 Oz')",True, 15 Oz,Signature SELECT Fruit Cocktail in 100% Juice Can 
825,Your Price $1.59 each,Signature SELECT Mixed Fruit Extra Cherry Can - 15 Oz,($0.11 / Ounce),canned-goods-soups,"('Signature SELECT Mixed Fruit Extra Cherry Can ', ' 15 Oz')",True, 15 Oz,Signature SELECT Mixed Fruit Extra Cherry Can 
826,Your Price $3.79 each,Motts Applesauce Natural Jar - 46 Oz,($0.08 / Ounce),canned-goods-soups,"('Motts Applesauce Natural Jar ', ' 46 Oz')",True, 46 Oz,Motts Applesauce Natural Jar 
827,Your Price $2.49 each,Del Monte Gold Pineapple Chunks In Juice - 20 Oz,($0.12 / Ounce),canned-goods-soups,"('Del Monte Gold Pineapple Chunks In Juice ', ' 20 Oz')",True, 20 Oz,Del Monte Gold Pineapple Chunks In Juice 
828,Your Price $2.49 each,Signature SELECT Cherries Maraschino - 10 Oz,($0.25 / Ounce),canned-goods-soups,"('Signature SELECT Cherries Maraschino ', ' 10 Oz')",True, 10 Oz,Signature SELECT Cherries Maraschino 
829,Your Price $1.49 each,Dole Pineapple Crushed in 100% Pineapple Juice - 8 Oz,($0.19 / Ounce),canned-goods-soups,"('Dole Pineapple Crushed in 100% Pineapple Juice ', ' 8 Oz')",True, 8 Oz,Dole Pineapple Crushed in 100% Pineapple Juice 
830,Your Price $3.99 each,Signature SELECT Cherries Maraschino - 16 Oz,($0.25 / Ounce),canned-goods-soups,"('Signature SELECT Cherries Maraschino ', ' 16 Oz')",True, 16 Oz,Signature SELECT Cherries Maraschino 
831,Your Price $2.49 each,Del Monte Gold Pineapple Tidbits In Juic - 20 Oz,($0.12 / Ounce),canned-goods-soups,"('Del Monte Gold Pineapple Tidbits In Juic ', ' 20 Oz')",True, 20 Oz,Del Monte Gold Pineapple Tidbits In Juic 
832,Your Price $1.79 each,Swanson Chicken Breast Premium Chunk White - 4.5 Oz,($0.40 / Ounce),canned-goods-soups,"('Swanson Chicken Breast Premium Chunk White ', ' 4.5 Oz')",True, 4.5 Oz,Swanson Chicken Breast Premium Chunk White 
833,Your Price $3.00 each,SPAM Classic - 12 Oz,($0.25 / Ounce),canned-goods-soups,"('SPAM Classic ', ' 12 Oz')",True, 12 Oz,SPAM Classic 
834,Your Price $2.29 each,StarKist Chicken Creations Classic Bbq - 2.6 Oz,($0.88 / Ounce),canned-goods-soups,"('StarKist Chicken Creations Classic Bbq ', ' 2.6 Oz')",True, 2.6 Oz,StarKist Chicken Creations Classic Bbq 
835,Your Price $3.00 each,SPAM Classic 25% Less Sodium - 12 Oz,($0.25 / Ounce),canned-goods-soups,"('SPAM Classic 25% Less Sodium ', ' 12 Oz')",True, 12 Oz,SPAM Classic 25% Less Sodium 
836,Your Price $4.99 each,Signature SELECT Corned Beef - 12 Oz,($0.42 / Ounce),canned-goods-soups,"('Signature SELECT Corned Beef ', ' 12 Oz')",True, 12 Oz,Signature SELECT Corned Beef 
837,Your Price $2.29 each,Starkist 2.6oz White Chicken 25% Less Sodium Pouch - 2.6 OZ,($0.88 / Ounce),canned-goods-soups,"('Starkist 2.6oz White Chicken 25% Less Sodium Pouch ', ' 2.6 OZ')",True, 2.6 OZ,Starkist 2.6oz White Chicken 25% Less Sodium Pouch 
838,Your Price $3.00 each,SPAM Classic Lite - 12 Oz,($0.25 / Ounce),canned-goods-soups,"('SPAM Classic Lite ', ' 12 Oz')",True, 12 Oz,SPAM Classic Lite 
839,Your Price $3.50 each,Swanson Chicken Breast Premium Chunk White - 9.75 Oz,($0.36 / Ounce),canned-goods-soups,"('Swanson Chicken Breast Premium Chunk White ', ' 9.75 Oz')",True, 9.75 Oz,Swanson Chicken Breast Premium Chunk White 
840,Your Price $3.00 each,SPAM Oven Roasted Turkey - 12 Oz,($0.25 / Ounce),canned-goods-soups,"('SPAM Oven Roasted Turkey ', ' 12 Oz')",True, 12 Oz,SPAM Oven Roasted Turkey 
841,Your Price $7.99 each,Spam Classic Luncheon Meat - 2-12 Oz,($0.33 / Ounce),canned-goods-soups,"('Spam Classic Luncheon Meat  ', '2-12 Oz')",True,2-12 Oz,Spam Classic Luncheon Meat  
842,Your Price $2.29 each,Sk Chicken Creations Lemon Pepper Chicken - 2.6 Oz,($0.88 / Ounce),canned-goods-soups,"('Sk Chicken Creations Lemon Pepper Chicken ', ' 2.6 Oz')",True, 2.6 Oz,Sk Chicken Creations Lemon Pepper Chicken 
843,Your Price $4.99 each,Hormel Beef Dried - 5 Oz,($1.00 / Ounce),canned-goods-soups,"('Hormel Beef Dried ', ' 5 Oz')",True, 5 Oz,Hormel Beef Dried 
844,Your Price $2.29 each,Sk Chicken Creations Bold Buffalo Chicken - 2.6 Oz,($0.88 / Ounce),canned-goods-soups,"('Sk Chicken Creations Bold Buffalo Chicken ', ' 2.6 Oz')",True, 2.6 Oz,Sk Chicken Creations Bold Buffalo Chicken 
845,Your Price $3.49 each,Signature Select Luncheon Meat Pork - 12 Oz,($0.29 / Ounce),canned-goods-soups,"('Signature Select Luncheon Meat Pork ', ' 12 Oz')",True, 12 Oz,Signature Select Luncheon Meat Pork 
846,Your Price $2.29 each,StarKist Chicken Creations Chicken Salad - 2.6 Oz,($0.88 / Ounce),canned-goods-soups,"('StarKist Chicken Creations Chicken Salad ', ' 2.6 Oz')",True, 2.6 Oz,StarKist Chicken Creations Chicken Salad 
847,Your Price $2.29 each,Swan Chkn A La King - 10.5 Oz,($0.22 / Ounce),canned-goods-soups,"('Swan Chkn A La King ', ' 10.5 Oz')",True, 10.5 Oz,Swan Chkn A La King 
848,Your Price $3.49 each,Signature Select Luncheon Meat Pork 25% Less Sodium - 12 OZ,($0.29 / Ounce),canned-goods-soups,"('Signature Select Luncheon Meat Pork 25% Less Sodium ', ' 12 OZ')",True, 12 OZ,Signature Select Luncheon Meat Pork 25% Less Sodium 
849,Your Price $6.79 each,Libby's Corned Beef Canned Meat - 12 Oz,($0.57 / Ounce),canned-goods-soups,"(""Libby's Corned Beef Canned Meat "", ' 12 Oz')",True, 12 Oz,Libby's Corned Beef Canned Meat 
850,Your Price $2.79 each,Underwood Spread Premium Deviled Ham - 4.25 Oz,($0.66 / Ounce),canned-goods-soups,"('Underwood Spread Premium Deviled Ham ', ' 4.25 Oz')",True, 4.25 Oz,Underwood Spread Premium Deviled Ham 
851,Your Price $4.99 each,Wild Planet Chicken Breast Organic Roasted - 5 Oz,($1.00 / Ounce),canned-goods-soups,"('Wild Planet Chicken Breast Organic Roasted ', ' 5 Oz')",True, 5 Oz,Wild Planet Chicken Breast Organic Roasted 
852,Your Price $2.99 each,Wel-Pac Noodles Udon Japanese - 10 Oz,($0.30 / Ounce),canned-goods-soups,"('Wel Pac Noodles Udon Japanese', '10 Oz')",True,10 Oz,Wel Pac Noodles Udon Japanese
853,Your Price $2.99 each,Dynasty Maifun Rice Sticks - 6.75 Oz,($0.44 / Ounce),canned-goods-soups,"('Dynasty Maifun Rice Sticks ', ' 6.75 Oz')",True, 6.75 Oz,Dynasty Maifun Rice Sticks 
854,Your Price $3.49 each,A Taste of Thai Vermicelli Rice Noodles- 8.8 Oz,($0.40 / Ounce),canned-goods-soups,"('A Taste of Thai Vermicelli Rice Noodles', ' 8.8 Oz')",True, 8.8 Oz,A Taste of Thai Vermicelli Rice Noodles
855,Your Price $3.49 each,JFC Yamaimo Soba Hawaii - 10.58 Oz,($0.33 / Ounce),canned-goods-soups,"('JFC Yamaimo Soba Hawaii ', ' 10.58 Oz')",True, 10.58 Oz,JFC Yamaimo Soba Hawaii 
856,Your Price $4.99 each,Thai Kitchen Gluten Free Stir Fry Rice Noodles - 14 Oz,($0.36 / Ounce),canned-goods-soups,"('Thai Kitchen Gluten Free Stir Fry Rice Noodles ', ' 14 Oz')",True, 14 Oz,Thai Kitchen Gluten Free Stir Fry Rice Noodles 
857,Your Price $2.49 each,La Choy Noodle Chow Mein - 12 Oz,($0.21 / Ounce),canned-goods-soups,"('La Choy Noodle Chow Mein ', ' 12 Oz')",True, 12 Oz,La Choy Noodle Chow Mein 
858,Your Price $2.49 each,Wel-Pac Stir Fry Noodles Chow Mein - 6 Oz,($0.42 / Ounce),canned-goods-soups,"('Wel Pac Stir Fry Noodles Chow Mein', '6 Oz')",True,6 Oz,Wel Pac Stir Fry Noodles Chow Mein
859,Your Price $4.99 each,Thai Kitchen Gluten Free Thin Rice Noodles - 8.8 Oz,($0.57 / Ounce),canned-goods-soups,"('Thai Kitchen Gluten Free Thin Rice Noodles ', ' 8.8 Oz')",True, 8.8 Oz,Thai Kitchen Gluten Free Thin Rice Noodles 
860,Your Price $2.49 each,Wel-Pac Egg Noodles Lo Mein - 10 Oz,($0.25 / Ounce),canned-goods-soups,"('Wel Pac Egg Noodles Lo Mein', '10 Oz')",True,10 Oz,Wel Pac Egg Noodles Lo Mein
861,Your Price $3.99 each,Hakubaku Organic Soba Japanese Buckwheat Noodles - 9.5 Oz,($0.42 / Ounce),canned-goods-soups,"('Hakubaku Organic Soba Japanese Buckwheat Noodles ', ' 9.5 Oz')",True, 9.5 Oz,Hakubaku Organic Soba Japanese Buckwheat Noodles 
862,Your Price $2.49 each,La Choy Noodle Chow Mein - 5 Oz,($0.50 / Ounce),canned-goods-soups,"('La Choy Noodle Chow Mein ', ' 5 Oz')",True, 5 Oz,La Choy Noodle Chow Mein 
863,Your Price $3.49 each,Ka Me Noodle Strfry Udon - 14.20 Oz,($0.25 / Ounce),canned-goods-soups,"('Ka Me Noodle Strfry Udon ', ' 14.20 Oz')",True, 14.20 Oz,Ka Me Noodle Strfry Udon 
864,Your Price $4.49 each,Miracle Noodle Ready To Eat Pho Shirataki Noodles - 6 Oz,($0.75 / Ounce),canned-goods-soups,"('Miracle Noodle Ready To Eat Pho Shirataki Noodles ', ' 6 Oz')",True, 6 Oz,Miracle Noodle Ready To Eat Pho Shirataki Noodles 
865,Your Price $3.99 each,Hakubaku Organic Ramen - 9.5 Oz,($0.42 / Ounce),canned-goods-soups,"('Hakubaku Organic Ramen ', ' 9.5 Oz')",True, 9.5 Oz,Hakubaku Organic Ramen 
866,Your Price $2.49 each,La Choy Specialty Food Rice Noodles - 3 Oz,($0.83 / Ounce),canned-goods-soups,"('La Choy Specialty Food Rice Noodles ', ' 3 Oz')",True, 3 Oz,La Choy Specialty Food Rice Noodles 
867,Your Price $4.99 each,A Taste of Thai Noodles Rice - 16 Oz,($0.31 / Ounce),canned-goods-soups,"('A Taste of Thai Noodles Rice ', ' 16 Oz')",True, 16 Oz,A Taste of Thai Noodles Rice 
868,Your Price $3.99 each,Haku Noodle Wht Udon Org - 9.5 Oz,($0.42 / Ounce),canned-goods-soups,"('Haku Noodle Wht Udon Org ', ' 9.5 Oz')",True, 9.5 Oz,Haku Noodle Wht Udon Org 
869,Your Price $2.99 each,JFC Tomoshiraga Somen - 16 Oz,($0.19 / Ounce),canned-goods-soups,"('JFC Tomoshiraga Somen ', ' 16 Oz')",True, 16 Oz,JFC Tomoshiraga Somen 
870,Your Price $4.49 each,Ka Me Noodle Wht Rice Vermiceli - 8.8 Oz,($0.51 / Ounce),canned-goods-soups,"('Ka Me Noodle Wht Rice Vermiceli ', ' 8.8 Oz')",True, 8.8 Oz,Ka Me Noodle Wht Rice Vermiceli 
871,Your Price $4.49 each,Miracle Noodle Rice Miracle - 8 Oz,($0.56 / Ounce),canned-goods-soups,"('Miracle Noodle Rice Miracle ', ' 8 Oz')",True, 8 Oz,Miracle Noodle Rice Miracle 
872,Your Price $7.99 each,Muso From Furikake Umeboshi Org - 2.4 Oz,($3.33 / Ounce),canned-goods-soups,"('Muso From Furikake Umeboshi Org ', ' 2.4 Oz')",True, 2.4 Oz,Muso From Furikake Umeboshi Org 
873,Your Price $3.49 each,Ka Me Noodles Strfry Soba - 14.2 Oz,($0.25 / Ounce),canned-goods-soups,"('Ka Me Noodles Strfry Soba ', ' 14.2 Oz')",True, 14.2 Oz,Ka Me Noodles Strfry Soba 
874,Your Price $4.49 each,Ka Me Noodle Brwn Rice Vermicel - 8.8 Oz,($0.51 / Ounce),canned-goods-soups,"('Ka Me Noodle Brwn Rice Vermicel ', ' 8.8 Oz')",True, 8.8 Oz,Ka Me Noodle Brwn Rice Vermicel 
875,Your Price $4.49 each,Miracle Noodle Meal Ready To Eat Thai Tom Yum - 8.5 Oz,($0.53 / Ounce),canned-goods-soups,"('Miracle Noodle Meal Ready To Eat Thai Tom Yum ', ' 8.5 Oz')",True, 8.5 Oz,Miracle Noodle Meal Ready To Eat Thai Tom Yum 
876,Your Price $4.49 each,Dynasty Saifun Bean Thread - 8 Oz,($0.56 / Ounce),canned-goods-soups,"('Dynasty Saifun Bean Thread ', ' 8 Oz')",True, 8 Oz,Dynasty Saifun Bean Thread 
877,Your Price $3.49 each,KA-ME Vegetable Fried Rice - 8.8 Oz,($0.40 / Ounce),canned-goods-soups,"('KA ME Vegetable Fried Rice', '8.8 Oz')",True,8.8 Oz,KA ME Vegetable Fried Rice
878,Your Price $3.49 each,KA ME Noodles Pho Rice Vietnmse - 10.6 Oz,($0.33 / Ounce),canned-goods-soups,"('KA ME Noodles Pho Rice Vietnmse ', ' 10.6 Oz')",True, 10.6 Oz,KA ME Noodles Pho Rice Vietnmse 
879,Your Price $3.49 each,KA-ME Traditional Egg Fried Rice - 8.8 Oz,($0.40 / Ounce),canned-goods-soups,"('KA ME Traditional Egg Fried Rice', '8.8 Oz')",True,8.8 Oz,KA ME Traditional Egg Fried Rice
880,Your Price $2.99 each,Shir Noodle Chuka Soba - 8 OZ,($0.81 / Ounce),canned-goods-soups,"('Shir Noodle Chuka Soba ', ' 8 OZ')",True, 8 OZ,Shir Noodle Chuka Soba 
881,Your Price $6.49 each,Signature SELECT Sugar Fine Granulated - 10 Lb,($0.04 / Ounce),condiments-spice-bake,"('Signature SELECT Sugar Fine Granulated ', ' 10 Lb')",True, 10 Lb,Signature SELECT Sugar Fine Granulated 
882,Your Price $3.99 each,Ancient Harvest Organic Traditional Italian Polenta - 18 Oz,($0.22 / Ounce),condiments-spice-bake,"('Ancient Harvest Organic Traditional Italian Polenta ', ' 18 Oz')",True, 18 Oz,Ancient Harvest Organic Traditional Italian Polenta 
883,Your Price $2.99 each,Signature SELECT Sugar Fine Granulated - 4 Lb,($0.05 / Ounce),condiments-spice-bake,"('Signature SELECT Sugar Fine Granulated ', ' 4 Lb')",True, 4 Lb,Signature SELECT Sugar Fine Granulated 
884,Your Price $5.99 each,Pacific Beverage Non-Dairy Hemp Vanilla - 32 Fl. Oz.,($0.19 / Fl.oz),condiments-spice-bake,"('Pacific Beverage Non Dairy Hemp Vanilla', '32 Fl. Oz.')",True,32 Fl. Oz.,Pacific Beverage Non Dairy Hemp Vanilla
885,Your Price $4.29 each,Toll House Semi Sweet Chocolate Chips - 12 Oz,($0.36 / Ounce),condiments-spice-bake,"('Toll House Semi Sweet Chocolate Chips ', ' 12 Oz')",True, 12 Oz,Toll House Semi Sweet Chocolate Chips 
886,Your Price $6.99 each,Toll House Semi Sweet Chocolate Chips - 24 Oz,($0.29 / Ounce),condiments-spice-bake,"('Toll House Semi Sweet Chocolate Chips ', ' 24 Oz')",True, 24 Oz,Toll House Semi Sweet Chocolate Chips 
887,Your Price $5.99 each,Pacific Foods Hemp Milk Unswtnd Orgnl - 32 Oz,($0.19 / Fl.oz),condiments-spice-bake,"('Pacific Foods Hemp Milk Unswtnd Orgnl ', ' 32 Oz')",True, 32 Oz,Pacific Foods Hemp Milk Unswtnd Orgnl 
888,Your Price $21.99 each,Morton & Bassett Extract Pure Vanilla - 4 Fl. Oz.,($5.50 / Fl.oz),condiments-spice-bake,"('Morton & Bassett Extract Pure Vanilla ', ' 4 Fl. Oz.')",True, 4 Fl. Oz.,Morton & Bassett Extract Pure Vanilla 
889,Your Price $2.79 each,Signature SELECT Sugar Brown Light - 32 Oz,($0.09 / Ounce),condiments-spice-bake,"('Signature SELECT Sugar Brown Light ', ' 32 Oz')",True, 32 Oz,Signature SELECT Sugar Brown Light 
890,Your Price $2.79 each,Signature SELECT Sugar Confectioners Powdered - 32 Oz,($0.09 / Ounce),condiments-spice-bake,"('Signature SELECT Sugar Confectioners Powdered ', ' 32 Oz')",True, 32 Oz,Signature SELECT Sugar Confectioners Powdered 
891,Your Price $4.29 each,Toll House Premier White Chips - 12 Oz,($0.36 / Ounce),condiments-spice-bake,"('Toll House Premier White Chips ', ' 12 Oz')",True, 12 Oz,Toll House Premier White Chips 
892,Your Price $3.99 each,Eagle Brand Sweetened Condensed Milk â€“ 14 Oz.,($0.29 / Ounce),condiments-spice-bake,"('Eagle Brand Sweetened Condensed Milk â€“ ', '14 Oz.')",False,14 Oz.,Eagle Brand Sweetened Condensed Milk â€“ 
893,Your Price $7.69 each,King Arthur Baking Company Unbleached Bread Flour - 5 Lb,($0.10 / Ounce),condiments-spice-bake,"('King Arthur Baking Company Unbleached Bread Flour ', ' 5 Lb')",True, 5 Lb,King Arthur Baking Company Unbleached Bread Flour 
894,Your Price $11.99 each,Toll House Semi Sweet Chocolate Chips - 36 Oz,($0.33 / Ounce),condiments-spice-bake,"('Toll House Semi Sweet Chocolate Chips ', ' 36 Oz')",True, 36 Oz,Toll House Semi Sweet Chocolate Chips 
895,Your Price $5.99 each,Ghirardelli Dark Chocolate Flavored Melting Wafers - 10 Oz,($0.60 / Ounce),condiments-spice-bake,"('Ghirardelli Dark Chocolate Flavored Melting Wafers ', ' 10 Oz')",True, 10 Oz,Ghirardelli Dark Chocolate Flavored Melting Wafers 
896,Your Price $4.99 each,Ghirardelli Classic White Premium Baking Chips - 11 Oz,($0.45 / Ounce),condiments-spice-bake,"('Ghirardelli Classic White Premium Baking Chips ', ' 11 Oz')",True, 11 Oz,Ghirardelli Classic White Premium Baking Chips 
897,Your Price $9.49 each,McCormick All Natural Pure Vanilla Extract - 2 Fl. Oz.,($4.75 / Fl.oz),condiments-spice-bake,"('McCormick All Natural Pure Vanilla Extract ', ' 2 Fl. Oz.')",True, 2 Fl. Oz.,McCormick All Natural Pure Vanilla Extract 
898,Your Price $6.99 each,Toll House Milk Chocolate Chips - 23 Oz,($0.30 / Ounce),condiments-spice-bake,"('Toll House Milk Chocolate Chips ', ' 23 Oz')",True, 23 Oz,Toll House Milk Chocolate Chips 
899,Your Price $8.99 each,Signature Select Pure Vanilla Extract - 4 FZ,($2.25 / Fl.oz),condiments-spice-bake,"('Signature Select Pure Vanilla Extract ', ' 4 FZ')",True, 4 FZ,Signature Select Pure Vanilla Extract 
900,Your Price $4.29 each,Toll House Milk Chocolate Chips - 11.5 Oz,($0.37 / Ounce),condiments-spice-bake,"('Toll House Milk Chocolate Chips ', ' 11.5 Oz')",True, 11.5 Oz,Toll House Milk Chocolate Chips 
901,Your Price $3.99 each,Reeses Baking Chips Peanut Butter Wrapper - 10 Oz,($0.40 / Ounce),condiments-spice-bake,"('Reeses Baking Chips Peanut Butter Wrapper ', ' 10 Oz')",True, 10 Oz,Reeses Baking Chips Peanut Butter Wrapper 
902,Your Price $3.19 each,Clabber Girl Baking Powder - 8.1 Oz,($0.39 / Ounce),condiments-spice-bake,"('Clabber Girl Baking Powder ', ' 8.1 Oz')",True, 8.1 Oz,Clabber Girl Baking Powder 
903,Your Price $18.49 each,McCormick All Natural Pure Vanilla Extract - 4 Fl. Oz.,($4.62 / Fl.oz),condiments-spice-bake,"('McCormick All Natural Pure Vanilla Extract ', ' 4 Fl. Oz.')",True, 4 Fl. Oz.,McCormick All Natural Pure Vanilla Extract 
904,Your Price $7.99 each,O Organics Organic Flour All Purpose Unbleached - 5 Lb,($1.60 / Lb),condiments-spice-bake,"('O Organics Organic Flour All Purpose Unbleached ', ' 5 Lb')",True, 5 Lb,O Organics Organic Flour All Purpose Unbleached 
905,Your Price $6.99 each,Enjoy Life Baking Chocolate Morsels Dark - 9 Oz,($0.78 / Ounce),condiments-spice-bake,"('Enjoy Life Baking Chocolate Morsels Dark ', ' 9 Oz')",True, 9 Oz,Enjoy Life Baking Chocolate Morsels Dark 
906,Your Price $2.99 each,Signature SELECT Milk Condensed Sweetened Can - 14 Oz,($0.21 / Ounce),condiments-spice-bake,"('Signature SELECT Milk Condensed Sweetened Can ', ' 14 Oz')",True, 14 Oz,Signature SELECT Milk Condensed Sweetened Can 
907,Your Price $1.99 each,Signature SELECT Sugar Powdered Sugar Confectioners - 16 Oz,($0.12 / Ounce),condiments-spice-bake,"('Signature SELECT Sugar Powdered Sugar Confectioners ', ' 16 Oz')",True, 16 Oz,Signature SELECT Sugar Powdered Sugar Confectioners 
908,Your Price $4.49 each,Kinderâ€™s Roasted Garlic Barbecue Sauce - 20.5 Oz,($0.22 / Ounce),condiments-spice-bake,"('Kinderâ€™s Roasted Garlic Barbecue Sauce ', ' 20.5 Oz')",True, 20.5 Oz,Kinderâ€™s Roasted Garlic Barbecue Sauce 
909,Your Price $3.29 each,Heinz HomeStyle Country Style Sausage Gravy Jar - 12 Oz,($0.27 / Ounce),condiments-spice-bake,"('Heinz HomeStyle Country Style Sausage Gravy Jar ', ' 12 Oz')",True, 12 Oz,Heinz HomeStyle Country Style Sausage Gravy Jar 
910,Your Price $4.99 each,Sweet Baby Rays Sauce Barbecue - 40 Oz,($0.12 / Ounce),condiments-spice-bake,"('Sweet Baby Rays Sauce Barbecue ', ' 40 Oz')",True, 40 Oz,Sweet Baby Rays Sauce Barbecue 
911,Your Price $6.49 each,Heinz 57 Sauce Bottle - 10 Oz,($0.65 / Ounce),condiments-spice-bake,"('Heinz 57 Sauce Bottle ', ' 10 Oz')",True, 10 Oz,Heinz 57 Sauce Bottle 
912,Your Price $4.99 each,Soy Vay Marinade & Sauce Veri Veri Teriyaki - 21 Oz,($0.24 / Ounce),condiments-spice-bake,"('Soy Vay Marinade & Sauce Veri Veri Teriyaki ', ' 21 Oz')",True, 21 Oz,Soy Vay Marinade & Sauce Veri Veri Teriyaki 
913,Your Price $1.49 each,Taco Bell Original Taco Seasoning Mix Packet - 1 Oz,($1.49 / Ounce),condiments-spice-bake,"('Taco Bell Original Taco Seasoning Mix Packet ', ' 1 Oz')",True, 1 Oz,Taco Bell Original Taco Seasoning Mix Packet 
914,Your Price $3.49 each,Sweet Baby Rays Sauce Barbecue - 28 Oz,($0.12 / Ounce),condiments-spice-bake,"('Sweet Baby Rays Sauce Barbecue ', ' 28 Oz')",True, 28 Oz,Sweet Baby Rays Sauce Barbecue 
915,Your Price $7.49 each,A.1. Original Sauce Bottle - 15 Oz,($0.50 / Ounce),condiments-spice-bake,"('A.1. Original Sauce Bottle ', ' 15 Oz')",True, 15 Oz,A.1. Original Sauce Bottle 
916,Your Price $2.00 each,Bull's-Eye Original BBQ Sauce Bottle - 18 Oz,($0.11 / Ounce),condiments-spice-bake,"(""Bull's Eye Original BBQ Sauce Bottle"", '18 Oz')",True,18 Oz,Bull's Eye Original BBQ Sauce Bottle
917,Your Price $2.50 each,Signature SELECT Marinade Sesame Ginger - 12 Fl. Oz.,($0.21 / Ounce),condiments-spice-bake,"('Signature SELECT Marinade Sesame Ginger ', ' 12 Fl. Oz.')",True, 12 Fl. Oz.,Signature SELECT Marinade Sesame Ginger 
918,Your Price $3.99 each,A.1. Original Sauce Bottle - 5 Oz,($0.80 / Ounce),condiments-spice-bake,"('A.1. Original Sauce Bottle ', ' 5 Oz')",True, 5 Oz,A.1. Original Sauce Bottle 
919,Your Price $3.49 each,McCormick Garlic Butter Shrimp Scampi - 0.87 Oz,($3.49 / Ounce),condiments-spice-bake,"('McCormick Garlic Butter Shrimp Scampi ', ' 0.87 Oz')",True, 0.87 Oz,McCormick Garlic Butter Shrimp Scampi 
920,Your Price $7.99 each,McCormick Ranch 3-In-1 Seasoning Mix - 8.75 Oz,($0.91 / Ounce),condiments-spice-bake,"('McCormick Ranch 3 In1 Seasoning Mix', '8.75 Oz')",True,8.75 Oz,McCormick Ranch 3 In1 Seasoning Mix
921,Your Price $8.99 each,Sweet Baby Rays Sauce Barbecue - 80 Oz,($0.11 / Ounce),condiments-spice-bake,"('Sweet Baby Rays Sauce Barbecue ', ' 80 Oz')",True, 80 Oz,Sweet Baby Rays Sauce Barbecue 
922,Your Price $7.49 each,Cholula Original Hot Sauce - 12 Fl. Oz.,($0.62 / Fl.oz),condiments-spice-bake,"('Cholula Original Hot Sauce ', ' 12 Fl. Oz.')",True, 12 Fl. Oz.,Cholula Original Hot Sauce 
923,Your Price $6.99 each,Chick-Fil A Sauce - 24 Fl. Oz.,($0.29 / Fl.oz),condiments-spice-bake,"('Chick Fil A Sauce', '24 Fl. Oz.')",True,24 Fl. Oz.,Chick Fil A Sauce
924,Your Price $2.99 each,waterfront BISTRO Sauce Tartar - 9 Oz,($0.33 / Ounce),condiments-spice-bake,"('waterfront BISTRO Sauce Tartar ', ' 9 Oz')",True, 9 Oz,waterfront BISTRO Sauce Tartar 
925,Your Price $3.99 each,Frank's RedHot Original Cayenne Pepper Hot Sauce - 12 Oz,($0.33 / Fl.oz),condiments-spice-bake,"(""Frank's RedHot Original Cayenne Pepper Hot Sauce "", ' 12 Oz')",True, 12 Oz,Frank's RedHot Original Cayenne Pepper Hot Sauce 
926,Your Price $3.79 each,Famous Daves Sauce BBQ Rich & Sassy - 20 Oz,($0.19 / Ounce),condiments-spice-bake,"('Famous Daves Sauce BBQ Rich & Sassy ', ' 20 Oz')",True, 20 Oz,Famous Daves Sauce BBQ Rich & Sassy 
927,Your Price $4.99 each,A.1. Original Sauce Bottle - 10 Oz,($0.50 / Ounce),condiments-spice-bake,"('A.1. Original Sauce Bottle ', ' 10 Oz')",True, 10 Oz,A.1. Original Sauce Bottle 
928,Your Price $4.49 each,Huy Fong Chili Sauce Hot Sriracha - 17 Oz,($0.26 / Ounce),condiments-spice-bake,"('Huy Fong Chili Sauce Hot Sriracha ', ' 17 Oz')",True, 17 Oz,Huy Fong Chili Sauce Hot Sriracha 
929,Your Price $4.49 each,Panda Express Sauce Sweet Chili - 20.75 Oz,($0.22 / Ounce),condiments-spice-bake,"('Panda Express Sauce Sweet Chili ', ' 20.75 Oz')",True, 20.75 Oz,Panda Express Sauce Sweet Chili 
930,Your Price $1.50 each,Signature SELECT Sauce Barbeque Honey - 18 Oz,($0.08 / Ounce),condiments-spice-bake,"('Signature SELECT Sauce Barbeque Honey ', ' 18 Oz')",True, 18 Oz,Signature SELECT Sauce Barbeque Honey 
931,Your Price $4.49 each,McCormick Golden Dipt Seafood Cocktail Sauce - 8 Fl. Oz.,($0.56 / Fl.oz),condiments-spice-bake,"('McCormick Golden Dipt Seafood Cocktail Sauce ', ' 8 Fl. Oz.')",True, 8 Fl. Oz.,McCormick Golden Dipt Seafood Cocktail Sauce 
932,Your Price $3.99 each,Kikkoman Soy Sauce All-Purpose Seasoning Bottle - 10 Fl. Oz.,($0.40 / Fl.oz),condiments-spice-bake,"('Kikkoman Soy Sauce All Purpose Seasoning Bottle', '10 Fl. Oz.')",True,10 Fl. Oz.,Kikkoman Soy Sauce All Purpose Seasoning Bottle
933,Your Price $3.49 each,Sweet Baby Rays No Sugar Original Bbq - 18.5 Oz,($0.19 / Ounce),condiments-spice-bake,"('Sweet Baby Rays No Sugar Original Bbq ', ' 18.5 Oz')",True, 18.5 Oz,Sweet Baby Rays No Sugar Original Bbq 
934,Your Price $4.49 each,Lawry's Herb & Garlic With Lemon Marinade - 12 Oz,($0.37 / Fl.oz),condiments-spice-bake,"(""Lawry's Herb & Garlic With Lemon Marinade "", ' 12 Oz')",True, 12 Oz,Lawry's Herb & Garlic With Lemon Marinade 
935,Your Price $6.79 each,Frank's RedHot Buffalo Wings Hot Sauce - 23 Fl. Oz.,($0.30 / Fl.oz),condiments-spice-bake,"(""Frank's RedHot Buffalo Wings Hot Sauce "", ' 23 Fl. Oz.')",True, 23 Fl. Oz.,Frank's RedHot Buffalo Wings Hot Sauce 
936,Your Price $3.49 each,Sweet Baby Rays Sauce Barbecue Honey - 28 Oz,($0.12 / Ounce),condiments-spice-bake,"('Sweet Baby Rays Sauce Barbecue Honey ', ' 28 Oz')",True, 28 Oz,Sweet Baby Rays Sauce Barbecue Honey 
937,Your Price $1.00 each,Signature SELECT Gravy Mix Country - 1.32 Oz,($0.76 / Ounce),condiments-spice-bake,"('Signature SELECT Gravy Mix Country ', ' 1.32 Oz')",True, 1.32 Oz,Signature SELECT Gravy Mix Country 
938,Your Price $4.29 each,Cholula Original Hot Sauce - 5 Fl. Oz.,($0.86 / Fl.oz),condiments-spice-bake,"('Cholula Original Hot Sauce ', ' 5 Fl. Oz.')",True, 5 Fl. Oz.,Cholula Original Hot Sauce 
939,Your Price $3.49 each,Signature SELECT Black Pepper Ground Coarse - 3.12 Oz,($1.12 / Ounce),condiments-spice-bake,"('Signature SELECT Black Pepper Ground Coarse ', ' 3.12 Oz')",True, 3.12 Oz,Signature SELECT Black Pepper Ground Coarse 
940,Your Price $8.49 each,Morton & Bassett Allspice Whole - 1.4 Oz,($6.06 / Ounce),condiments-spice-bake,"('Morton & Bassett Allspice Whole ', ' 1.4 Oz')",True, 1.4 Oz,Morton & Bassett Allspice Whole 
941,Your Price $7.49 each,McCormick Pure Ground Black Pepper - 6 Oz,($1.25 / Ounce),condiments-spice-bake,"('McCormick Pure Ground Black Pepper ', ' 6 Oz')",True, 6 Oz,McCormick Pure Ground Black Pepper 
942,Your Price $8.99 each,Morton & Bassett Pumpkin Spice - 2.2 OZ,($4.09 / Ounce),condiments-spice-bake,"('Morton & Bassett Pumpkin Spice ', ' 2.2 OZ')",True, 2.2 OZ,Morton & Bassett Pumpkin Spice 
943,Your Price $7.49 each,McCormick Garlic Powder - 8.75 Oz,($0.86 / Ounce),condiments-spice-bake,"('McCormick Garlic Powder ', ' 8.75 Oz')",True, 8.75 Oz,McCormick Garlic Powder 
944,Your Price $8.49 each,Morton & Bassett Seasoning Italian - 1.2 Oz,($7.08 / Ounce),condiments-spice-bake,"('Morton & Bassett Seasoning Italian ', ' 1.2 Oz')",True, 1.2 Oz,Morton & Bassett Seasoning Italian 
945,Your Price $3.99 each,Signature SELECT Garlic Powder - 9 Oz,($0.44 / Ounce),condiments-spice-bake,"('Signature SELECT Garlic Powder ', ' 9 Oz')",True, 9 Oz,Signature SELECT Garlic Powder 
946,Your Price $6.99 each,Morton & Bassett Allspice Ground - 2.3 Oz,($3.04 / Ounce),condiments-spice-bake,"('Morton & Bassett Allspice Ground ', ' 2.3 Oz')",True, 2.3 Oz,Morton & Bassett Allspice Ground 
947,Your Price $2.99 each,Signature SELECT Black Pepper Ground - 3 Oz,($1.00 / Ounce),condiments-spice-bake,"('Signature SELECT Black Pepper Ground ', ' 3 Oz')",True, 3 Oz,Signature SELECT Black Pepper Ground 
948,Your Price $4.99 each,Morton & Bassett Fennel Seed - 1.7 Oz,($2.94 / Ounce),condiments-spice-bake,"('Morton & Bassett Fennel Seed ', ' 1.7 Oz')",True, 1.7 Oz,Morton & Bassett Fennel Seed 
949,Your Price $8.49 each,Morton & Bassett Chili Powder Chipotle - 2 Oz,($4.25 / Ounce),condiments-spice-bake,"('Morton & Bassett Chili Powder Chipotle ', ' 2 Oz')",True, 2 Oz,Morton & Bassett Chili Powder Chipotle 
950,Your Price $3.99 each,Dash Seasoning Blend Original - 2.5 Oz,($1.60 / Ounce),condiments-spice-bake,"('Dash Seasoning Blend Original ', ' 2.5 Oz')",True, 2.5 Oz,Dash Seasoning Blend Original 
951,Your Price $5.24 each,McCormick Ground Nutmeg - 1.1 Oz,($4.77 / Ounce),condiments-spice-bake,"('McCormick Ground Nutmeg ', ' 1.1 Oz')",True, 1.1 Oz,McCormick Ground Nutmeg 
952,Your Price $5.99 each,McCormick Grill Mates Montreal Steak Seasoning - 11.62 Oz,($0.52 / Ounce),condiments-spice-bake,"('McCormick Grill Mates Montreal Steak Seasoning ', ' 11.62 Oz')",True, 11.62 Oz,McCormick Grill Mates Montreal Steak Seasoning 
953,Your Price $3.79 each,Morton Seasoning Blend Natures Seasons - 7.5 Oz,($0.51 / Ounce),condiments-spice-bake,"('Morton Seasoning Blend Natures Seasons ', ' 7.5 Oz')",True, 7.5 Oz,Morton Seasoning Blend Natures Seasons 
954,Your Price $8.03 each,McCormick Gourmet Organic Ground Cardamom - 1.75 Oz,($4.59 / Ounce),condiments-spice-bake,"('McCormick Gourmet Organic Ground Cardamom ', ' 1.75 Oz')",True, 1.75 Oz,McCormick Gourmet Organic Ground Cardamom 
955,Your Price $7.49 each,McCormick Pure Ground Black Pepper - 6 Oz,($1.25 / Ounce),condiments-spice-bake,"('McCormick Pure Ground Black Pepper ', ' 6 Oz')",True, 6 Oz,McCormick Pure Ground Black Pepper 
956,Your Price $6.69 each,McCormick Gourmet Organic Ground Cloves - 1.75 Oz,($3.82 / Ounce),condiments-spice-bake,"('McCormick Gourmet Organic Ground Cloves ', ' 1.75 Oz')",True, 1.75 Oz,McCormick Gourmet Organic Ground Cloves 
957,Your Price $6.49 each,McCormick Garlic Powder - 3.12 Oz,($2.08 / Ounce),condiments-spice-bake,"('McCormick Garlic Powder ', ' 3.12 Oz')",True, 3.12 Oz,McCormick Garlic Powder 
958,Your Price $5.09 each,McCormick Dark Chili Powder - 7.5 Oz,($0.68 / Ounce),condiments-spice-bake,"('McCormick Dark Chili Powder ', ' 7.5 Oz')",True, 7.5 Oz,McCormick Dark Chili Powder 
959,Your Price $2.79 each,Signature SELECT Seasoning Italian - 0.75 Oz,($3.72 / Ounce),condiments-spice-bake,"('Signature SELECT Seasoning Italian ', ' 0.75 Oz')",True, 0.75 Oz,Signature SELECT Seasoning Italian 
960,Your Price $8.49 each,Morton & Bassett Thyme - 1 Oz,($8.49 / Ounce),condiments-spice-bake,"('Morton & Bassett Thyme ', ' 1 Oz')",True, 1 Oz,Morton & Bassett Thyme 
961,Your Price $6.49 each,McCormick Garlic Powder - 5.37 Oz,($1.21 / Ounce),condiments-spice-bake,"('McCormick Garlic Powder ', ' 5.37 Oz')",True, 5.37 Oz,McCormick Garlic Powder 
962,Your Price $6.37 each,McCormick Onion Powder - 7.62 Oz,($0.84 / Ounce),condiments-spice-bake,"('McCormick Onion Powder ', ' 7.62 Oz')",True, 7.62 Oz,McCormick Onion Powder 
963,Your Price $5.77 each,McCormick Cinnamon Sticks - 0.75 Oz,($7.69 / Ounce),condiments-spice-bake,"('McCormick Cinnamon Sticks ', ' 0.75 Oz')",True, 0.75 Oz,McCormick Cinnamon Sticks 
964,Your Price $6.74 each,McCormick Perfect Pinch Italian Seasoning - 2.25 Oz,($3.00 / Ounce),condiments-spice-bake,"('McCormick Perfect Pinch Italian Seasoning ', ' 2.25 Oz')",True, 2.25 Oz,McCormick Perfect Pinch Italian Seasoning 
965,Your Price $3.99 each,McCormick Onion Powder - 2.62 Oz,($1.52 / Ounce),condiments-spice-bake,"('McCormick Onion Powder ', ' 2.62 Oz')",True, 2.62 Oz,McCormick Onion Powder 
966,Your Price $3.99 each,Mrs. Dash Seasoning Blend Salt-Free Lemon Pepper - 2.5 Oz,($1.60 / Ounce),condiments-spice-bake,"('Mrs. Dash Seasoning Blend Salt Free Lemon Pepper', '2.5 Oz')",True,2.5 Oz,Mrs. Dash Seasoning Blend Salt Free Lemon Pepper
967,Your Price $3.49 each,Signature Select Fine Pink Himalayan Salt - 12.5 OZ,($0.28 / Ounce),condiments-spice-bake,"('Signature Select Fine Pink Himalayan Salt ', ' 12.5 OZ')",True, 12.5 OZ,Signature Select Fine Pink Himalayan Salt 
968,Your Price $2.99 each,O Organics Organic Cinnamon Ground - 1.5 Oz,($1.99 / Ounce),condiments-spice-bake,"('O Organics Organic Cinnamon Ground ', ' 1.5 Oz')",True, 1.5 Oz,O Organics Organic Cinnamon Ground 
969,Your Price $4.99 each,Morton & Bassett Mustard Seed - 2.7 Oz,($1.85 / Ounce),condiments-spice-bake,"('Morton & Bassett Mustard Seed ', ' 2.7 Oz')",True, 2.7 Oz,Morton & Bassett Mustard Seed 
970,Your Price $6.99 each,McCormick Parsley Flakes - 0.87 Oz,($6.99 / Ounce),condiments-spice-bake,"('McCormick Parsley Flakes ', ' 0.87 Oz')",True, 0.87 Oz,McCormick Parsley Flakes 
971,Your Price $5.99 each,McCormick Ground Cinnamon - 7.12 Oz,($0.84 / Ounce),condiments-spice-bake,"('McCormick Ground Cinnamon ', ' 7.12 Oz')",True, 7.12 Oz,McCormick Ground Cinnamon 
972,Your Price $7.99 each,Jif Peanut Butter Extra Crunchy - 40 Oz,($0.20 / Ounce),condiments-spice-bake,"('Jif Peanut Butter Extra Crunchy ', ' 40 Oz')",True, 40 Oz,Jif Peanut Butter Extra Crunchy 
973,Your Price $9.99 each,Heinz Tomato Ketchup Bottles - 2-50.5 Oz,($0.10 / Ounce),condiments-spice-bake,"('Heinz Tomato Ketchup Bottles  ', '2-50.5 Oz')",True,2-50.5 Oz,Heinz Tomato Ketchup Bottles  
974,Your Price $3.49 each,Jif Peanut Butter Creamy - 16 Oz,($0.22 / Ounce),condiments-spice-bake,"('Jif Peanut Butter Creamy ', ' 16 Oz')",True, 16 Oz,Jif Peanut Butter Creamy 
975,Your Price $2.99 each,Heinz Tomato Ketchup Bottle - 14 Oz,($0.21 / Ounce),condiments-spice-bake,"('Heinz Tomato Ketchup Bottle ', ' 14 Oz')",True, 14 Oz,Heinz Tomato Ketchup Bottle 
976,Your Price $3.49 each,Jif Natural Peanut Butter Creamy - 16 Oz,($0.22 / Ounce),condiments-spice-bake,"('Jif Natural Peanut Butter Creamy ', ' 16 Oz')",True, 16 Oz,Jif Natural Peanut Butter Creamy 
977,Your Price $13.49 each,Jif Peanut Butter Creamy Twin Pack - 2-40 Oz,($0.17 / Ounce),condiments-spice-bake,"('Jif Peanut Butter Creamy Twin Pack  ', '2-40 Oz')",True,2-40 Oz,Jif Peanut Butter Creamy Twin Pack  
978,Your Price $7.99 each,Jif Peanut Butter Creamy - 40 Oz,($0.20 / Ounce),condiments-spice-bake,"('Jif Peanut Butter Creamy ', ' 40 Oz')",True, 40 Oz,Jif Peanut Butter Creamy 
979,Your Price $6.99 each,Heinz Tomato Ketchup Value Size Bottle - 64 Oz,($0.11 / Ounce),condiments-spice-bake,"('Heinz Tomato Ketchup Value Size Bottle ', ' 64 Oz')",True, 64 Oz,Heinz Tomato Ketchup Value Size Bottle 
980,Your Price $3.49 each,Jif Peanut Butter Extra Crunchy - 16 Oz,($0.22 / Ounce),condiments-spice-bake,"('Jif Peanut Butter Extra Crunchy ', ' 16 Oz')",True, 16 Oz,Jif Peanut Butter Extra Crunchy 
981,Your Price $3.49 each,Jif Simply Peanut Butter Creamy - 15.5 Oz,($0.23 / Ounce),condiments-spice-bake,"('Jif Simply Peanut Butter Creamy ', ' 15.5 Oz')",True, 15.5 Oz,Jif Simply Peanut Butter Creamy 
982,Your Price $3.99 each,Smuckers Jam Strawberry - 32 Oz,($0.12 / Ounce),condiments-spice-bake,"('Smuckers Jam Strawberry ', ' 32 Oz')",True, 32 Oz,Smuckers Jam Strawberry 
983,Your Price $6.49 each,Hellmanns Mayonnaise Real - 30 Oz,($0.22 / Fl.oz),condiments-spice-bake,"('Hellmanns Mayonnaise Real ', ' 30 Oz')",True, 30 Oz,Hellmanns Mayonnaise Real 
984,Your Price $5.99 each,Bonne Maman Preserves Wild Blueberry - 13 Oz,($0.46 / Ounce),condiments-spice-bake,"('Bonne Maman Preserves Wild Blueberry ', ' 13 Oz')",True, 13 Oz,Bonne Maman Preserves Wild Blueberry 
985,Your Price $3.99 each,Smuckers Jam Blackberry Seedless - 18 Oz,($0.22 / Ounce),condiments-spice-bake,"('Smuckers Jam Blackberry Seedless ', ' 18 Oz')",True, 18 Oz,Smuckers Jam Blackberry Seedless 
986,Your Price $3.99 each,French's Classic Yellow Mustard - 20 Oz,($0.20 / Ounce),condiments-spice-bake,"(""French's Classic Yellow Mustard "", ' 20 Oz')",True, 20 Oz,French's Classic Yellow Mustard 
987,Your Price $3.99 each,Smuckers Jam Red Raspberry Seedless - 18 Oz,($0.22 / Ounce),condiments-spice-bake,"('Smuckers Jam Red Raspberry Seedless ', ' 18 Oz')",True, 18 Oz,Smuckers Jam Red Raspberry Seedless 
988,Your Price $5.99 each,Bonne Maman Preserves Four Fruits - 13 Oz,($0.46 / Ounce),condiments-spice-bake,"('Bonne Maman Preserves Four Fruits ', ' 13 Oz')",True, 13 Oz,Bonne Maman Preserves Four Fruits 
989,Your Price $4.49 each,Smuckers Jam Strawberry Seedless - 18 Oz,($0.25 / Ounce),condiments-spice-bake,"('Smuckers Jam Strawberry Seedless ', ' 18 Oz')",True, 18 Oz,Smuckers Jam Strawberry Seedless 
990,Your Price $4.49 each,Welch's Concord Grape Jelly - 20 Oz,($0.22 / Ounce),condiments-spice-bake,"(""Welch's Concord Grape Jelly "", ' 20 Oz')",True, 20 Oz,Welch's Concord Grape Jelly 
991,Your Price $4.50 each,Heinz Tomato Ketchup with No Sugar Added Bottle - 29.5 Oz,($0.15 / Ounce),condiments-spice-bake,"('Heinz Tomato Ketchup with No Sugar Added Bottle ', ' 29.5 Oz')",True, 29.5 Oz,Heinz Tomato Ketchup with No Sugar Added Bottle 
992,Your Price $5.99 each,Bonne Maman Preserves Raspberry - 13 Oz,($0.46 / Ounce),condiments-spice-bake,"('Bonne Maman Preserves Raspberry ', ' 13 Oz')",True, 13 Oz,Bonne Maman Preserves Raspberry 
993,Your Price $4.99 each,Smuckers Marmalade Sweet Orange - 18 Oz,($0.28 / Ounce),condiments-spice-bake,"('Smuckers Marmalade Sweet Orange ', ' 18 Oz')",True, 18 Oz,Smuckers Marmalade Sweet Orange 
994,Your Price $4.49 each,Signature SELECT Ketchup Tomato - 64 Oz,($0.07 / Ounce),condiments-spice-bake,"('Signature SELECT Ketchup Tomato ', ' 64 Oz')",True, 64 Oz,Signature SELECT Ketchup Tomato 
995,Your Price $7.49 each,SKIPPY Natural Peanut Butter Spread Creamy - 40 Oz,($0.19 / Ounce),condiments-spice-bake,"('SKIPPY Natural Peanut Butter Spread Creamy ', ' 40 Oz')",True, 40 Oz,SKIPPY Natural Peanut Butter Spread Creamy 
996,Your Price $5.99 each,Bonne Maman Preserves Strawberry - 13 Oz,($0.46 / Ounce),condiments-spice-bake,"('Bonne Maman Preserves Strawberry ', ' 13 Oz')",True, 13 Oz,Bonne Maman Preserves Strawberry 
997,Your Price $5.99 each,Bonne Maman Preserves Apricot - 13 Oz,($0.46 / Ounce),condiments-spice-bake,"('Bonne Maman Preserves Apricot ', ' 13 Oz')",True, 13 Oz,Bonne Maman Preserves Apricot 
998,Your Price $5.99 each,Bonne Maman Preserves Fig - 13 Oz,($0.46 / Ounce),condiments-spice-bake,"('Bonne Maman Preserves Fig ', ' 13 Oz')",True, 13 Oz,Bonne Maman Preserves Fig 
999,Your Price $3.79 each,Signature SELECT Preserves Blackberry Seedless - 18 Oz,($0.21 / Ounce),condiments-spice-bake,"('Signature SELECT Preserves Blackberry Seedless ', ' 18 Oz')",True, 18 Oz,Signature SELECT Preserves Blackberry Seedless 
1000,Your Price $3.79 each,Signature SELECT Preserves Raspberry Red - 18 Oz,($0.21 / Ounce),condiments-spice-bake,"('Signature SELECT Preserves Raspberry Red ', ' 18 Oz')",True, 18 Oz,Signature SELECT Preserves Raspberry Red 
1001,Your Price $2.49 each,Signature SELECT Ketchup Tomato - 20 Oz,($0.12 / Ounce),condiments-spice-bake,"('Signature SELECT Ketchup Tomato ', ' 20 Oz')",True, 20 Oz,Signature SELECT Ketchup Tomato 
1002,Your Price $5.99 each,Pompeian Cooking Spray Non-Stick Avocado Oil - 5 Fl. Oz.,($1.20 / Ounce),condiments-spice-bake,"('Pompeian Cooking Spray Non Stick Avocado Oil', '5 Fl. Oz.')",True,5 Fl. Oz.,Pompeian Cooking Spray Non Stick Avocado Oil
1003,Your Price $4.99 each,PAM Baking Spray - 5 Oz,($1.00 / Ounce),condiments-spice-bake,"('PAM Baking Spray ', ' 5 Oz')",True, 5 Oz,PAM Baking Spray 
1004,Your Price $4.49 each,Signature SELECT Oil Vegetable Pure - 24 Fl. Oz.,($0.19 / Fl.oz),condiments-spice-bake,"('Signature SELECT Oil Vegetable Pure ', ' 24 Fl. Oz.')",True, 24 Fl. Oz.,Signature SELECT Oil Vegetable Pure 
1005,Your Price $5.79 each,PAM Non Stick Original Cooking Spray - 8 Oz,($0.72 / Ounce),condiments-spice-bake,"('PAM Non Stick Original Cooking Spray ', ' 8 Oz')",True, 8 Oz,PAM Non Stick Original Cooking Spray 
1006,Your Price $8.99 each,Bertolli Olive Oil Extra Virgin - 25.5 Fl. Oz.,($0.35 / Fl.oz),condiments-spice-bake,"('Bertolli Olive Oil Extra Virgin ', ' 25.5 Fl. Oz.')",True, 25.5 Fl. Oz.,Bertolli Olive Oil Extra Virgin 
1007,Your Price $4.99 each,PAM Non Stick Original Cooking Spray - 6 Oz,($0.83 / Ounce),condiments-spice-bake,"('PAM Non Stick Original Cooking Spray ', ' 6 Oz')",True, 6 Oz,PAM Non Stick Original Cooking Spray 
1008,Your Price $9.99 each,Filippo Berio Olive Oil Extra Light Tasting - 25.3 Fl. Oz.,($0.39 / Fl.oz),condiments-spice-bake,"('Filippo Berio Olive Oil Extra Light Tasting ', ' 25.3 Fl. Oz.')",True, 25.3 Fl. Oz.,Filippo Berio Olive Oil Extra Light Tasting 
1009,Your Price $8.29 each,Signature SELECT Oil Vegetable Pure - 64 Fl. Oz.,($0.13 / Fl.oz),condiments-spice-bake,"('Signature SELECT Oil Vegetable Pure ', ' 64 Fl. Oz.')",True, 64 Fl. Oz.,Signature SELECT Oil Vegetable Pure 
1010,Your Price $7.49 each,Pompeian Olive Oil Extra Virgin Smooth - 16 Fl. Oz.,($0.47 / Fl.oz),condiments-spice-bake,"('Pompeian Olive Oil Extra Virgin Smooth ', ' 16 Fl. Oz.')",True, 16 Fl. Oz.,Pompeian Olive Oil Extra Virgin Smooth 
1011,Your Price $4.99 each,PAM Cooking Spray Butter Flavor - 5 Oz,($1.00 / Ounce),condiments-spice-bake,"('PAM Cooking Spray Butter Flavor ', ' 5 Oz')",True, 5 Oz,PAM Cooking Spray Butter Flavor 
1012,Your Price $17.00 each,Pompeian Olive Oil Extra Virgin Robust flavor - 68 Fl. Oz.,($0.25 / Fl.oz),condiments-spice-bake,"('Pompeian Olive Oil Extra Virgin Robust flavor ', ' 68 Fl. Oz.')",True, 68 Fl. Oz.,Pompeian Olive Oil Extra Virgin Robust flavor 
1013,Your Price $4.99 each,PAM Non Stick Olive Oil Cooking Spray - 5 Oz,($1.00 / Ounce),condiments-spice-bake,"('PAM Non Stick Olive Oil Cooking Spray ', ' 5 Oz')",True, 5 Oz,PAM Non Stick Olive Oil Cooking Spray 
1014,Your Price $5.49 each,Signature SELECT Oil Vegetable Pure - 48 Fl. Oz.,($0.11 / Fl.oz),condiments-spice-bake,"('Signature SELECT Oil Vegetable Pure ', ' 48 Fl. Oz.')",True, 48 Fl. Oz.,Signature SELECT Oil Vegetable Pure 
1015,Your Price $5.49 each,Signature SELECT Oil Canola 100% Pure - 48 Fl. Oz.,($0.11 / Fl.oz),condiments-spice-bake,"('Signature SELECT Oil Canola 100% Pure ', ' 48 Fl. Oz.')",True, 48 Fl. Oz.,Signature SELECT Oil Canola 100% Pure 
1016,Your Price $2.49 each,Signature SELECT Vinegar Distilled White - 128 Fl. Oz.,($0.02 / Fl.oz),condiments-spice-bake,"('Signature SELECT Vinegar Distilled White ', ' 128 Fl. Oz.')",True, 128 Fl. Oz.,Signature SELECT Vinegar Distilled White 
1017,Your Price $4.49 each,Signature SELECT Oil Canola 100% Pure - 24 Fl. Oz.,($0.19 / Fl.oz),condiments-spice-bake,"('Signature SELECT Oil Canola 100% Pure ', ' 24 Fl. Oz.')",True, 24 Fl. Oz.,Signature SELECT Oil Canola 100% Pure 
1018,Your Price $15.49 each,Pompeian Olive Oil Extra Virgin Smooth - 32 Fl. Oz.,($0.48 / Fl.oz),condiments-spice-bake,"('Pompeian Olive Oil Extra Virgin Smooth ', ' 32 Fl. Oz.')",True, 32 Fl. Oz.,Pompeian Olive Oil Extra Virgin Smooth 
1019,Your Price $9.99 each,Filippo Berio Olive Oil Extra Virgin - 25.3 Fl. Oz.,($0.39 / Fl.oz),condiments-spice-bake,"('Filippo Berio Olive Oil Extra Virgin ', ' 25.3 Fl. Oz.')",True, 25.3 Fl. Oz.,Filippo Berio Olive Oil Extra Virgin 
1020,Your Price $17.00 each,Pompeian Olive Oil Extra Virgin Smooth - 68 Fl. Oz.,($0.25 / Fl.oz),condiments-spice-bake,"('Pompeian Olive Oil Extra Virgin Smooth ', ' 68 Fl. Oz.')",True, 68 Fl. Oz.,Pompeian Olive Oil Extra Virgin Smooth 
1021,Your Price $14.49 each,Signature SELECT Oil Canola Pure - 1 Gallon,($0.12 / Fl.oz),condiments-spice-bake,"('Signature SELECT Oil Canola Pure ', ' 1 Gallon')",True, 1 Gallon,Signature SELECT Oil Canola Pure 
1022,Your Price $8.29 each,Signature SELECT Oil Canola 100% Pure - 64 Fl. Oz.,($0.13 / Fl.oz),condiments-spice-bake,"('Signature SELECT Oil Canola 100% Pure ', ' 64 Fl. Oz.')",True, 64 Fl. Oz.,Signature SELECT Oil Canola 100% Pure 
1023,Your Price $13.99 each,Signature SELECT Oil Vegetable Pure - 1 Gallon,($0.11 / Fl.oz),condiments-spice-bake,"('Signature SELECT Oil Vegetable Pure ', ' 1 Gallon')",True, 1 Gallon,Signature SELECT Oil Vegetable Pure 
1024,Your Price $7.99 each,Crisco Vegetable Oil - 40 Fl. Oz.,($0.20 / Fl.oz),condiments-spice-bake,"('Crisco Vegetable Oil ', ' 40 Fl. Oz.')",True, 40 Fl. Oz.,Crisco Vegetable Oil 
1025,Your Price $6.49 each,Mazola Corn Oil Cholesterol Free - 40 Fl. Oz.,($0.16 / Fl.oz),condiments-spice-bake,"('Mazola Corn Oil Cholesterol Free ', ' 40 Fl. Oz.')",True, 40 Fl. Oz.,Mazola Corn Oil Cholesterol Free 
1026,Your Price $18.49 each,Bertolli Olive Oil Extra Virgin - 1.5 Liter,($0.36 / Fl.oz),condiments-spice-bake,"('Bertolli Olive Oil Extra Virgin ', ' 1.5 Liter')",True, 1.5 Liter,Bertolli Olive Oil Extra Virgin 
1027,Your Price $5.99 each,Bragg Vinegar Apple Cider - 16 Fl. Oz.,($0.37 / Fl.oz),condiments-spice-bake,"('Bragg Vinegar Apple Cider ', ' 16 Fl. Oz.')",True, 16 Fl. Oz.,Bragg Vinegar Apple Cider 
1028,Your Price $6.99 each,Crisco Shortening Sticks All Vegetable - 20 OZ,($0.35 / Ounce),condiments-spice-bake,"('Crisco Shortening Sticks All Vegetable ', ' 20 OZ')",True, 20 OZ,Crisco Shortening Sticks All Vegetable 
1029,Your Price $7.49 each,Signature SELECT Extra Virgin Olive Oil - 16.9 Fl. Oz.,($0.44 / Fl.oz),condiments-spice-bake,"('Signature SELECT Extra Virgin Olive Oil ', ' 16.9 Fl. Oz.')",True, 16.9 Fl. Oz.,Signature SELECT Extra Virgin Olive Oil 
1030,Your Price $3.99 each,Pompeian Vinegar Balsamic - 16 Fl. Oz.,($0.25 / Fl.oz),condiments-spice-bake,"('Pompeian Vinegar Balsamic ', ' 16 Fl. Oz.')",True, 16 Fl. Oz.,Pompeian Vinegar Balsamic 
1031,Your Price $2.49 each,Signature SELECT Vinegar Distilled White - 64 Fl. Oz.,($0.04 / Fl.oz),condiments-spice-bake,"('Signature SELECT Vinegar Distilled White ', ' 64 Fl. Oz.')",True, 64 Fl. Oz.,Signature SELECT Vinegar Distilled White 
1032,Your Price $12.99 each,Signature SELECT Oil Avocado 100% - 25.4 Fl. Oz.,($0.51 / Fl.oz),condiments-spice-bake,"('Signature SELECT Oil Avocado 100% ', ' 25.4 Fl. Oz.')",True, 25.4 Fl. Oz.,Signature SELECT Oil Avocado 100% 
1033,Your Price $5.99 each,Hidden Valley The Original Ranch Dressing - 24 Fl. Oz.,($0.25 / Fl.oz),condiments-spice-bake,"('Hidden Valley The Original Ranch Dressing ', ' 24 Fl. Oz.')",True, 24 Fl. Oz.,Hidden Valley The Original Ranch Dressing 
1034,Your Price $5.00 each,Miracle Whip Mayo Like Dressing Bottle - 19 Fl. Oz.,($0.26 / Fl.oz),condiments-spice-bake,"('Miracle Whip Mayo Like Dressing Bottle ', ' 19 Fl. Oz.')",True, 19 Fl. Oz.,Miracle Whip Mayo Like Dressing Bottle 
1035,Your Price $8.49 each,Hidden Valley The Original Ranch Dressing - 36 Fl. Oz.,($0.24 / Fl.oz),condiments-spice-bake,"('Hidden Valley The Original Ranch Dressing ', ' 36 Fl. Oz.')",True, 36 Fl. Oz.,Hidden Valley The Original Ranch Dressing 
1036,Your Price $4.79 each,Hidden Valley The Original Ranch Dressing - 16 Fl. Oz.,($0.30 / Fl.oz),condiments-spice-bake,"('Hidden Valley The Original Ranch Dressing ', ' 16 Fl. Oz.')",True, 16 Fl. Oz.,Hidden Valley The Original Ranch Dressing 
1037,Your Price $3.49 each,Wish-Bone Chunky Blue Cheese Dressing - 15 Fl. Oz.,($0.23 / Fl.oz),condiments-spice-bake,"('Wish Bone Chunky Blue Cheese Dressing', '15 Fl. Oz.')",True,15 Fl. Oz.,Wish Bone Chunky Blue Cheese Dressing
1038,Your Price $3.99 each,Kens Steak House Dressing Poppy Seed - 16 Fl. Oz.,($0.25 / Fl.oz),condiments-spice-bake,"('Kens Steak House Dressing Poppy Seed ', ' 16 Fl. Oz.')",True, 16 Fl. Oz.,Kens Steak House Dressing Poppy Seed 
1039,Your Price $6.29 each,Olive Garden Dressing Signature Italian - 24 Fl. Oz.,($0.26 / Fl.oz),condiments-spice-bake,"('Olive Garden Dressing Signature Italian ', ' 24 Fl. Oz.')",True, 24 Fl. Oz.,Olive Garden Dressing Signature Italian 
1040,Your Price $3.99 each,Kens Steak House Dressing Honey Mustard - 16 Fl. Oz.,($0.25 / Fl.oz),condiments-spice-bake,"('Kens Steak House Dressing Honey Mustard ', ' 16 Fl. Oz.')",True, 16 Fl. Oz.,Kens Steak House Dressing Honey Mustard 
1041,Your Price $3.49 each,Wish-Bone Italian Dressing - 15 Fl. Oz.,($0.23 / Fl.oz),condiments-spice-bake,"('Wish Bone Italian Dressing', '15 Fl. Oz.')",True,15 Fl. Oz.,Wish Bone Italian Dressing
1042,Your Price $3.99 each,Kens Steak House Dressing Lite Creamy Caesar - 16 Fl. Oz.,($0.25 / Fl.oz),condiments-spice-bake,"('Kens Steak House Dressing Lite Creamy Caesar ', ' 16 Fl. Oz.')",True, 16 Fl. Oz.,Kens Steak House Dressing Lite Creamy Caesar 
1043,Your Price $5.49 each,Primal Kitchen Dressing Oil & Vinegar - 8 OZ,($0.69 / Fl.oz),condiments-spice-bake,"('Primal Kitchen Dressing Oil & Vinegar ', ' 8 OZ')",True, 8 OZ,Primal Kitchen Dressing Oil & Vinegar 
1044,Your Price $3.99 each,BRIANNAS Dressing Home Style Poppy Seed Rich - 12 Fl. Oz.,($0.33 / Fl.oz),condiments-spice-bake,"('BRIANNAS Dressing Home Style Poppy Seed Rich ', ' 12 Fl. Oz.')",True, 12 Fl. Oz.,BRIANNAS Dressing Home Style Poppy Seed Rich 
1045,Your Price $3.99 each,Kens Steak House Dressing Creamy Caesar - 16 Fl. Oz.,($0.25 / Fl.oz),condiments-spice-bake,"('Kens Steak House Dressing Creamy Caesar ', ' 16 Fl. Oz.')",True, 16 Fl. Oz.,Kens Steak House Dressing Creamy Caesar 
1046,Your Price $2.79 each,Kraft Classic Ranch Salad Dressing Bottle - 16 Fl. Oz.,($0.17 / Fl.oz),condiments-spice-bake,"('Kraft Classic Ranch Salad Dressing Bottle ', ' 16 Fl. Oz.')",True, 16 Fl. Oz.,Kraft Classic Ranch Salad Dressing Bottle 
1047,Your Price $3.99 each,Kens Steak House Dressing Ranch - 16 Fl. Oz.,($0.25 / Fl.oz),condiments-spice-bake,"('Kens Steak House Dressing Ranch ', ' 16 Fl. Oz.')",True, 16 Fl. Oz.,Kens Steak House Dressing Ranch 
1048,Your Price $2.79 each,Kraft Zesty Italian Salad Dressing Bottle - 16 Fl. Oz.,($0.17 / Fl.oz),condiments-spice-bake,"('Kraft Zesty Italian Salad Dressing Bottle ', ' 16 Fl. Oz.')",True, 16 Fl. Oz.,Kraft Zesty Italian Salad Dressing Bottle 
1049,Your Price $3.99 each,Kens Steak House Dressing Buttermilk Ranch - 16 Fl. Oz.,($0.25 / Fl.oz),condiments-spice-bake,"('Kens Steak House Dressing Buttermilk Ranch ', ' 16 Fl. Oz.')",True, 16 Fl. Oz.,Kens Steak House Dressing Buttermilk Ranch 
1050,Your Price $4.99 each,Olive Garden Dressing Signature Italian - 16 Fl. Oz.,($0.31 / Fl.oz),condiments-spice-bake,"('Olive Garden Dressing Signature Italian ', ' 16 Fl. Oz.')",True, 16 Fl. Oz.,Olive Garden Dressing Signature Italian 
1051,Your Price $3.79 each,Walden Farms Dressing Calorie Free Honey Dijon - 12 Fl. Oz.,($0.32 / Fl.oz),condiments-spice-bake,"('Walden Farms Dressing Calorie Free Honey Dijon ', ' 12 Fl. Oz.')",True, 12 Fl. Oz.,Walden Farms Dressing Calorie Free Honey Dijon 
1052,Your Price $4.99 each,Girards Vinaigrette Champagne - 12 Oz,($0.42 / Fl.oz),condiments-spice-bake,"('Girards Vinaigrette Champagne ', ' 12 Oz')",True, 12 Oz,Girards Vinaigrette Champagne 
1053,Your Price $5.49 each,Primal Kitchen Dressing Caesar with Avocado Oil - 8 Fl. Oz.,($0.69 / Fl.oz),condiments-spice-bake,"('Primal Kitchen Dressing Caesar with Avocado Oil ', ' 8 Fl. Oz.')",True, 8 Fl. Oz.,Primal Kitchen Dressing Caesar with Avocado Oil 
1054,Your Price $3.99 each,Kens Steak House Dressing Thousand Island - 16 Fl. Oz.,($0.25 / Fl.oz),condiments-spice-bake,"('Kens Steak House Dressing Thousand Island ', ' 16 Fl. Oz.')",True, 16 Fl. Oz.,Kens Steak House Dressing Thousand Island 
1055,Your Price $2.79 each,Kraft Classic Catalina Salad Dressing Bottle - 16 Fl. Oz.,($0.17 / Fl.oz),condiments-spice-bake,"('Kraft Classic Catalina Salad Dressing Bottle ', ' 16 Fl. Oz.')",True, 16 Fl. Oz.,Kraft Classic Catalina Salad Dressing Bottle 
1056,Your Price $4.49 each,Pillsbury Pie Crusts 2 Count - 14.1 Oz,($0.32 / Ounce),condiments-spice-bake,"('Pillsbury Pie Crusts 2 Count ', ' 14.1 Oz')",True, 14.1 Oz,Pillsbury Pie Crusts 2 Count 
1057,Your Price $8.99 each,Simple Mills Almond Flour Mix Vanilla Cake - 11.5 Oz,($0.78 / Ounce),condiments-spice-bake,"('Simple Mills Almond Flour Mix Vanilla Cake ', ' 11.5 Oz')",True, 11.5 Oz,Simple Mills Almond Flour Mix Vanilla Cake 
1058,Your Price $2.49 each,Pillsbury Choc Fudge Brownie Mix - 18.4 OZ,($0.14 / Ounce),condiments-spice-bake,"('Pillsbury Choc Fudge Brownie Mix ', ' 18.4 OZ')",True, 18.4 OZ,Pillsbury Choc Fudge Brownie Mix 
1059,Your Price $7.99 each,Simple Mills Almond Flour Mix Artisan Bread - 10.4 Oz,($0.77 / Ounce),condiments-spice-bake,"('Simple Mills Almond Flour Mix Artisan Bread ', ' 10.4 Oz')",True, 10.4 Oz,Simple Mills Almond Flour Mix Artisan Bread 
1060,Your Price $8.99 each,Simple Mills Almond Flour Mix Banana Muffin - 9 Oz,($1.00 / Ounce),condiments-spice-bake,"('Simple Mills Almond Flour Mix Banana Muffin ', ' 9 Oz')",True, 9 Oz,Simple Mills Almond Flour Mix Banana Muffin 
1061,Your Price $8.99 each,Simple Mills Almond Flour Mix Pumpkin Muffin - 9 Oz,($1.00 / Ounce),condiments-spice-bake,"('Simple Mills Almond Flour Mix Pumpkin Muffin ', ' 9 Oz')",True, 9 Oz,Simple Mills Almond Flour Mix Pumpkin Muffin 
1062,Your Price $3.49 each,Betty Crocker Cookie Mix Chocolate Chip - 17.5 Oz,($0.20 / Ounce),condiments-spice-bake,"('Betty Crocker Cookie Mix Chocolate Chip ', ' 17.5 Oz')",True, 17.5 Oz,Betty Crocker Cookie Mix Chocolate Chip 
1063,Your Price $3.99 each,Signature SELECT Pie Crusts 9 Inch 2 Count - 15 Oz,($0.27 / Ounce),condiments-spice-bake,"('Signature SELECT Pie Crusts 9 Inch 2 Count ', ' 15 Oz')",True, 15 Oz,Signature SELECT Pie Crusts 9 Inch 2 Count 
1064,Your Price $3.49 each,Pillsbury Banana Quickbread Mix - 14 OZ,($0.25 / Ounce),condiments-spice-bake,"('Pillsbury Banana Quickbread Mix ', ' 14 OZ')",True, 14 OZ,Pillsbury Banana Quickbread Mix 
1065,Your Price $4.99 each,Ghirardelli Ultimate Chocolate Premium Brownie Mix - 19 Oz,($0.26 / Ounce),condiments-spice-bake,"('Ghirardelli Ultimate Chocolate Premium Brownie Mix ', ' 19 Oz')",True, 19 Oz,Ghirardelli Ultimate Chocolate Premium Brownie Mix 
1066,Your Price $1.49 each,Martha White Muffin Mix Apple Cider - Each,($1.49 / Each),condiments-spice-bake,"('Martha White Muffin Mix Apple Cider ', ' Each')",True, Each,Martha White Muffin Mix Apple Cider 
1067,Your Price $4.99 each,Ghirardelli Double Chocolate Premium Brownie Mix - 18 Oz,($0.28 / Ounce),condiments-spice-bake,"('Ghirardelli Double Chocolate Premium Brownie Mix ', ' 18 Oz')",True, 18 Oz,Ghirardelli Double Chocolate Premium Brownie Mix 
1068,Your Price $4.99 each,Ghirardelli Chocolate Supreme Premium Brownie Mix -18.75 Oz,($0.27 / Ounce),condiments-spice-bake,"('Ghirardelli Chocolate Supreme Premium Brownie Mix ', '18.75 Oz')",True,18.75 Oz,Ghirardelli Chocolate Supreme Premium Brownie Mix 
1069,Your Price $3.49 each,Betty Crocker Cookie Mix Sugar Cookie - 17.5 Oz,($0.20 / Ounce),condiments-spice-bake,"('Betty Crocker Cookie Mix Sugar Cookie ', ' 17.5 Oz')",True, 17.5 Oz,Betty Crocker Cookie Mix Sugar Cookie 
1070,Your Price $3.50 each,Pillsbury Reeses Cookies Pnt Btr - 16 Oz,($0.22 / Ounce),condiments-spice-bake,"('Pillsbury Reeses Cookies Pnt Btr ', ' 16 Oz')",True, 16 Oz,Pillsbury Reeses Cookies Pnt Btr 
1071,Your Price $4.29 each,Toll House Chocolate Chip Lovers Cookie Dough - 16 Oz,($0.27 / Ounce),condiments-spice-bake,"('Toll House Chocolate Chip Lovers Cookie Dough ', ' 16 Oz')",True, 16 Oz,Toll House Chocolate Chip Lovers Cookie Dough 
1072,Your Price $1.50 each,Pillsbury Sugar Cookie Holiday - 15 OZ,($0.10 / Ounce),condiments-spice-bake,"('Pillsbury Sugar Cookie Holiday ', ' 15 OZ')",True, 15 OZ,Pillsbury Sugar Cookie Holiday 
1073,Your Price $2.99 each,Signature SELECT Pie Crust Graham Cracker 9 Inch Size - 6 Oz,($0.50 / Ounce),condiments-spice-bake,"('Signature SELECT Pie Crust Graham Cracker 9 Inch Size ', ' 6 Oz')",True, 6 Oz,Signature SELECT Pie Crust Graham Cracker 9 Inch Size 
1074,Your Price $4.49 each,Keebler Graham Cracker Pie Crust - 9 OZ,($0.50 / Ounce),condiments-spice-bake,"('Keebler Graham Cracker Pie Crust ', ' 9 OZ')",True, 9 OZ,Keebler Graham Cracker Pie Crust 
1075,Your Price $3.49 each,Betty Crocket Delights Bars Mix Cookie Brownie - 17.4 Oz,($0.20 / Ounce),condiments-spice-bake,"('Betty Crocket Delights Bars Mix Cookie Brownie ', ' 17.4 Oz')",True, 17.4 Oz,Betty Crocket Delights Bars Mix Cookie Brownie 
1076,Your Price $2.99 each,Krusteaz Sweet Corn Muffin And Cornbread Mix - 16.0 Oz,($0.19 / Ounce),condiments-spice-bake,"('Krusteaz Sweet Corn Muffin And Cornbread Mix ', ' 16.0 Oz')",True, 16.0 Oz,Krusteaz Sweet Corn Muffin And Cornbread Mix 
1077,Your Price $4.99 each,Betty Crocker Cake Mix Angel Food - 16 Oz,($0.31 / Ounce),condiments-spice-bake,"('Betty Crocker Cake Mix Angel Food ', ' 16 Oz')",True, 16 Oz,Betty Crocker Cake Mix Angel Food 
1078,Your Price $3.49 each,Betty Crocker Cookie Mix Snickerdoodle - 17.9 Oz,($0.19 / Ounce),condiments-spice-bake,"('Betty Crocker Cookie Mix Snickerdoodle ', ' 17.9 Oz')",True, 17.9 Oz,Betty Crocker Cookie Mix Snickerdoodle 
1079,Your Price $2.00 each,Betty Crocker Brownie Mix Favorites Fudges - 18.3 Oz,($0.11 / Ounce),condiments-spice-bake,"('Betty Crocker Brownie Mix Favorites Fudges ', ' 18.3 Oz')",True, 18.3 Oz,Betty Crocker Brownie Mix Favorites Fudges 
1080,Your Price $3.99 each,Krusteaz Wild Blueberry Muffin Mix - 17.1 Oz,($0.23 / Ounce),condiments-spice-bake,"('Krusteaz Wild Blueberry Muffin Mix ', ' 17.1 Oz')",True, 17.1 Oz,Krusteaz Wild Blueberry Muffin Mix 
1081,Your Price $5.29 each,Claussen Kosher Dill Pickle Halves Jar - 32 Fl. Oz.,($0.17 / Fl.oz),condiments-spice-bake,"('Claussen Kosher Dill Pickle Halves Jar ', ' 32 Fl. Oz.')",True, 32 Fl. Oz.,Claussen Kosher Dill Pickle Halves Jar 
1082,Your Price $4.49 each,Mt. Olive Pickles Baby Kosher Dills - 24 Fl. Oz.,($0.19 / Fl.oz),condiments-spice-bake,"('Mt. Olive Pickles Baby Kosher Dills ', ' 24 Fl. Oz.')",True, 24 Fl. Oz.,Mt. Olive Pickles Baby Kosher Dills 
1083,Your Price $5.29 each,Claussen Kosher Dill Pickle Wholes Jar - 32 Fl. Oz.,($0.17 / Fl.oz),condiments-spice-bake,"('Claussen Kosher Dill Pickle Wholes Jar ', ' 32 Fl. Oz.')",True, 32 Fl. Oz.,Claussen Kosher Dill Pickle Wholes Jar 
1084,Your Price $2.99 each,Signature SELECT Pickles Baby Kosher Dill Jar - 24 Fl. Oz.,($0.12 / Fl.oz),condiments-spice-bake,"('Signature SELECT Pickles Baby Kosher Dill Jar ', ' 24 Fl. Oz.')",True, 24 Fl. Oz.,Signature SELECT Pickles Baby Kosher Dill Jar 
1085,Your Price $5.29 each,Claussen Kosher Dill Pickle Spears Jar - 24 Fl. Oz.,($0.22 / Fl.oz),condiments-spice-bake,"('Claussen Kosher Dill Pickle Spears Jar ', ' 24 Fl. Oz.')",True, 24 Fl. Oz.,Claussen Kosher Dill Pickle Spears Jar 
1086,Your Price $7.49 each,Mezzetta Olives Stuffed Garlic - 10 Oz,($0.75 / Ounce),condiments-spice-bake,"('Mezzetta Olives Stuffed Garlic ', ' 10 Oz')",True, 10 Oz,Mezzetta Olives Stuffed Garlic 
1087,Your Price $13.99 each,Lindsay Olives Queen Spanish Stuffed Pimiento - 21 Oz,($0.67 / Ounce),condiments-spice-bake,"('Lindsay Olives Queen Spanish Stuffed Pimiento ', ' 21 Oz')",True, 21 Oz,Lindsay Olives Queen Spanish Stuffed Pimiento 
1088,Your Price $2.49 each,Lindsay Olives Pitted California Ripe Large - 6 Oz,($0.42 / Ounce),condiments-spice-bake,"('Lindsay Olives Pitted California Ripe Large ', ' 6 Oz')",True, 6 Oz,Lindsay Olives Pitted California Ripe Large 
1089,Your Price $5.29 each,Claussen Kosher Dill Pickle Sandwich Slices Jar - 20 Fl. Oz.,($0.26 / Fl.oz),condiments-spice-bake,"('Claussen Kosher Dill Pickle Sandwich Slices Jar ', ' 20 Fl. Oz.')",True, 20 Fl. Oz.,Claussen Kosher Dill Pickle Sandwich Slices Jar 
1090,Your Price $4.99 each,Vlasic Keto Friendly Kosher Dill Whole Pickles - 32 Fl. Oz.,($0.16 / Fl.oz),condiments-spice-bake,"('Vlasic Keto Friendly Kosher Dill Whole Pickles ', ' 32 Fl. Oz.')",True, 32 Fl. Oz.,Vlasic Keto Friendly Kosher Dill Whole Pickles 
1091,Your Price $5.79 each,Vlasic Keto Friendly Kosher Dill Whole Pickles - 46 Fl. Oz.,($0.13 / Fl.oz),condiments-spice-bake,"('Vlasic Keto Friendly Kosher Dill Whole Pickles ', ' 46 Fl. Oz.')",True, 46 Fl. Oz.,Vlasic Keto Friendly Kosher Dill Whole Pickles 
1092,Your Price $2.49 each,Lindsay Olives Pitted California Ripe Medium - 6 Oz,($0.42 / Ounce),condiments-spice-bake,"('Lindsay Olives Pitted California Ripe Medium ', ' 6 Oz')",True, 6 Oz,Lindsay Olives Pitted California Ripe Medium 
1093,Your Price $2.49 each,Signature SELECT Olives Sliced Ripe - 6.5 Oz,($0.38 / Ounce),condiments-spice-bake,"('Signature SELECT Olives Sliced Ripe ', ' 6.5 Oz')",True, 6.5 Oz,Signature SELECT Olives Sliced Ripe 
1094,Your Price $3.49 each,Vlasic Keto Friendly Kosher Dill Pickle Spears - 24 Fl. Oz.,($0.15 / Fl.oz),condiments-spice-bake,"('Vlasic Keto Friendly Kosher Dill Pickle Spears ', ' 24 Fl. Oz.')",True, 24 Fl. Oz.,Vlasic Keto Friendly Kosher Dill Pickle Spears 
1095,Your Price $3.99 each,Mezzetta Giardiniera Italian Mix - 16 Oz,($3.99 / Ounce),condiments-spice-bake,"('Mezzetta Giardiniera Italian Mix ', ' 16 Oz')",True, 16 Oz,Mezzetta Giardiniera Italian Mix 
1096,Your Price $3.49 each,vlasic Stackers Pickles Kosher Dill - 16 Fl. Oz.,($0.22 / Fl.oz),condiments-spice-bake,"('vlasic Stackers Pickles Kosher Dill ', ' 16 Fl. Oz.')",True, 16 Fl. Oz.,vlasic Stackers Pickles Kosher Dill 
1097,Your Price $4.29 each,Vlasic Sweet Gherkin Pickles - 16 Fl. Oz.,($0.27 / Fl.oz),condiments-spice-bake,"('Vlasic Sweet Gherkin Pickles ', ' 16 Fl. Oz.')",True, 16 Fl. Oz.,Vlasic Sweet Gherkin Pickles 
1098,Your Price $3.99 each,Mezzetta Peperoncini Deli-Sliced Greek Golden - 16 Oz,($0.25 / Fl.oz),condiments-spice-bake,"('Mezzetta Peperoncini Deli Sliced Greek Golden', '16 Oz')",True,16 Oz,Mezzetta Peperoncini Deli Sliced Greek Golden
1099,Your Price $3.79 each,Signature SELECT Relish Sweet - 24 Fl. Oz.,($0.16 / Fl.oz),condiments-spice-bake,"('Signature SELECT Relish Sweet ', ' 24 Fl. Oz.')",True, 24 Fl. Oz.,Signature SELECT Relish Sweet 
1100,Your Price $2.29 each,Signature SELECT Pickles Sweet Mini - 16 Fl. Oz.,($0.14 / Fl.oz),condiments-spice-bake,"('Signature SELECT Pickles Sweet Mini ', ' 16 Fl. Oz.')",True, 16 Fl. Oz.,Signature SELECT Pickles Sweet Mini 
1101,Your Price $2.99 each,Signature SELECT Pickle Chips Hamburger Dill - 24 Fl. Oz.,($0.12 / Fl.oz),condiments-spice-bake,"('Signature SELECT Pickle Chips Hamburger Dill ', ' 24 Fl. Oz.')",True, 24 Fl. Oz.,Signature SELECT Pickle Chips Hamburger Dill 
1102,Your Price $2.99 each,Lindsay Olives Sliced California Ripe - 6.5 Oz,($0.46 / Ounce),condiments-spice-bake,"('Lindsay Olives Sliced California Ripe ', ' 6.5 Oz')",True, 6.5 Oz,Lindsay Olives Sliced California Ripe 
1103,Your Price $1.67 each,Signature SELECT Olives Pitted Ripe Large Can - 6 Oz,($0.28 / Ounce),condiments-spice-bake,"('Signature SELECT Olives Pitted Ripe Large Can ', ' 6 Oz')",True, 6 Oz,Signature SELECT Olives Pitted Ripe Large Can 
1104,Your Price $3.99 each,Mezzetta Peppers Chili Hot - 16 Oz,($0.25 / Fl.oz),condiments-spice-bake,"('Mezzetta Peppers Chili Hot ', ' 16 Oz')",True, 16 Oz,Mezzetta Peppers Chili Hot 
1105,Your Price $4.29 each,Mt. Olive Pickles Gherkins Sweet - 16 Fl. Oz.,($0.27 / Fl.oz),condiments-spice-bake,"('Mt. Olive Pickles Gherkins Sweet ', ' 16 Fl. Oz.')",True, 16 Fl. Oz.,Mt. Olive Pickles Gherkins Sweet 
1106,Your Price $4.49 each,Mt. Olive Pickles Spears Kosher Dill - 24 Fl. Oz.,($0.19 / Fl.oz),condiments-spice-bake,"('Mt. Olive Pickles Spears Kosher Dill ', ' 24 Fl. Oz.')",True, 24 Fl. Oz.,Mt. Olive Pickles Spears Kosher Dill 
1107,Your Price $3.99 each,Mezzetta Peppers Jalapeno Deli-Sliced Tamed - 16 Oz,($0.25 / Fl.oz),condiments-spice-bake,"('Mezzetta Peppers Jalapeno Deli Sliced Tamed', '16 Oz')",True,16 Oz,Mezzetta Peppers Jalapeno Deli Sliced Tamed
1108,Your Price $1.99 each,Lindsay Olives Sliced California - 2.25 Oz,($0.88 / Ounce),condiments-spice-bake,"('Lindsay Olives Sliced California ', ' 2.25 Oz')",True, 2.25 Oz,Lindsay Olives Sliced California 
1109,Your Price $12.99 each,Wilton Decorating Set Cupcake - Each,($12.99 / Each),condiments-spice-bake,"('Wilton Decorating Set Cupcake ', ' Each')",True, Each,Wilton Decorating Set Cupcake 
1110,Your Price $2.49 each,Pillsbury Crmy Suprm Milk Choc Frosting - 16 Oz,($0.16 / Ounce),condiments-spice-bake,"('Pillsbury Crmy Suprm Milk Choc Frosting ', ' 16 Oz')",True, 16 Oz,Pillsbury Crmy Suprm Milk Choc Frosting 
1111,Your Price $4.24 each,Betty Crocker Decorating Icing Cookie Blue - 7 Oz,($0.61 / Ounce),condiments-spice-bake,"('Betty Crocker Decorating Icing Cookie Blue ', ' 7 Oz')",True, 7 Oz,Betty Crocker Decorating Icing Cookie Blue 
1112,Your Price $2.49 each,Pillsbury Crmy Suprm Crm Cheese Frosting - 16 OZ,($0.16 / Ounce),condiments-spice-bake,"('Pillsbury Crmy Suprm Crm Cheese Frosting ', ' 16 OZ')",True, 16 OZ,Pillsbury Crmy Suprm Crm Cheese Frosting 
1113,Your Price $5.99 each,Wilton Pearl White Gold Sprinkles - 3.8 OZ,($1.58 / Ounce),condiments-spice-bake,"('Wilton Pearl White Gold Sprinkles ', ' 3.8 OZ')",True, 3.8 OZ,Wilton Pearl White Gold Sprinkles 
1114,Your Price $2.49 each,Pillsbury Crmy Suprm Strawberry Frosting - 16 OZ,($0.16 / Ounce),condiments-spice-bake,"('Pillsbury Crmy Suprm Strawberry Frosting ', ' 16 OZ')",True, 16 OZ,Pillsbury Crmy Suprm Strawberry Frosting 
1115,Your Price $3.59 each,Duncan Hines Creamy Chocolate Frosting - 16 Oz,($0.22 / Ounce),condiments-spice-bake,"('Duncan Hines Creamy Chocolate Frosting ', ' 16 Oz')",True, 16 Oz,Duncan Hines Creamy Chocolate Frosting 
1116,Your Price $2.99 each,Signature Select Assorted Food Coloring - 1.2 FZ,($2.49 / Fl.oz),condiments-spice-bake,"('Signature Select Assorted Food Coloring ', ' 1.2 FZ')",True, 1.2 FZ,Signature Select Assorted Food Coloring 
1117,Your Price $4.24 each,Betty Crocker Decorating Icing cookie Green - 7 Oz,($0.61 / Ounce),condiments-spice-bake,"('Betty Crocker Decorating Icing cookie Green ', ' 7 Oz')",True, 7 Oz,Betty Crocker Decorating Icing cookie Green 
1118,Your Price $2.79 each,Pillsbury Fun Confetti Vanilla Frost - 15.6 OZ,($0.18 / Ounce),condiments-spice-bake,"('Pillsbury Fun Confetti Vanilla Frost ', ' 15.6 OZ')",True, 15.6 OZ,Pillsbury Fun Confetti Vanilla Frost 
1119,Your Price $4.24 each,Betty Crocker Decorating Icing Cookie White - 7 Oz,($0.61 / Ounce),condiments-spice-bake,"('Betty Crocker Decorating Icing Cookie White ', ' 7 Oz')",True, 7 Oz,Betty Crocker Decorating Icing Cookie White 
1120,Your Price $2.49 each,Pillsbury Crmy Suprm Vanilla Frosting - 16 OZ,($0.16 / Ounce),condiments-spice-bake,"('Pillsbury Crmy Suprm Vanilla Frosting ', ' 16 OZ')",True, 16 OZ,Pillsbury Crmy Suprm Vanilla Frosting 
1121,Your Price $2.80 each,Betty Crocker Cupcake Gems White Pearls - 2.0 Oz,($1.40 / Ounce),condiments-spice-bake,"('Betty Crocker Cupcake Gems White Pearls ', ' 2.0 Oz')",True, 2.0 Oz,Betty Crocker Cupcake Gems White Pearls 
1122,Your Price $4.24 each,Betty Crocker Decorating Icing Cookie Red - 7 Oz,($0.61 / Ounce),condiments-spice-bake,"('Betty Crocker Decorating Icing Cookie Red ', ' 7 Oz')",True, 7 Oz,Betty Crocker Decorating Icing Cookie Red 
1123,Your Price $6.49 each,Wilton Decorating Bags 12 Inch Disposable - 12 Count,($0.54 / Count),condiments-spice-bake,"('Wilton Decorating Bags 12 Inch Disposable ', ' 12 Count')",True, 12 Count,Wilton Decorating Bags 12 Inch Disposable 
1124,Your Price $4.99 each,Wilton Sprinkles Blue Sugar Pearls - 5 Oz,($1.00 / Ounce),condiments-spice-bake,"('Wilton Sprinkles Blue Sugar Pearls ', ' 5 Oz')",True, 5 Oz,Wilton Sprinkles Blue Sugar Pearls 
1125,Your Price $5.49 each,Wilton Jimmies - 2.52 OZ,($2.18 / Ounce),condiments-spice-bake,"('Wilton Jimmies ', ' 2.52 OZ')",True, 2.52 OZ,Wilton Jimmies 
1126,Your Price $4.99 each,Betty Crocker Parlor Perfect Sprinkles Confetti - 9 Oz,($0.55 / Ounce),condiments-spice-bake,"('Betty Crocker Parlor Perfect Sprinkles Confetti ', ' 9 Oz')",True, 9 Oz,Betty Crocker Parlor Perfect Sprinkles Confetti 
1127,Your Price $3.39 each,Betty Crocker Icing Writing Tubes Classic Colors - 4-0.68 Oz,($1.26 / Ounce),condiments-spice-bake,"('Betty Crocker Icing Writing Tubes Classic Colors  ', '4-0.68 Oz')",True,4-0.68 Oz,Betty Crocker Icing Writing Tubes Classic Colors  
1128,Your Price $4.49 each,Wilton Baking Cups Celebrate - 150 Count,($0.03 / Count),condiments-spice-bake,"('Wilton Baking Cups Celebrate ', ' 150 Count')",True, 150 Count,Wilton Baking Cups Celebrate 
1129,Your Price $0.99 each,Signature SELECT Baking Cups Pastel - 50 Count,($0.02 / Count),condiments-spice-bake,"('Signature SELECT Baking Cups Pastel ', ' 50 Count')",True, 50 Count,Signature SELECT Baking Cups Pastel 
1130,Your Price $5.49 each,Bc Decorating Bags Ea - 12 CT,($0.46 / Count),condiments-spice-bake,"('Bc Decorating Bags Ea ', ' 12 CT')",True, 12 CT,Bc Decorating Bags Ea 
1131,Your Price $1.95 each,Cake Mate Decorating Decors Sugar Crystals Red - 2.25 Oz,($0.87 / Ounce),condiments-spice-bake,"('Cake Mate Decorating Decors Sugar Crystals Red ', ' 2.25 Oz')",True, 2.25 Oz,Cake Mate Decorating Decors Sugar Crystals Red 
1132,Your Price $6.49 each,Wilton Sprinkle Unicorn 3 Cell - 7.76 OZ,($0.84 / Ounce),condiments-spice-bake,"('Wilton Sprinkle Unicorn 3 Cell ', ' 7.76 OZ')",True, 7.76 OZ,Wilton Sprinkle Unicorn 3 Cell 
1133,Your Price $3.29 each,Cake Mate Decorating Decors Nonpareil Tub - 7 Oz,($0.47 / Ounce),condiments-spice-bake,"('Cake Mate Decorating Decors Nonpareil Tub ', ' 7 Oz')",True, 7 Oz,Cake Mate Decorating Decors Nonpareil Tub 
1134,Your Price $1.95 each,Cake Mate Decorating Decors Sugar Crystals Green - 2.25 Oz,($0.87 / Ounce),condiments-spice-bake,"('Cake Mate Decorating Decors Sugar Crystals Green ', ' 2.25 Oz')",True, 2.25 Oz,Cake Mate Decorating Decors Sugar Crystals Green 
1135,Your Price $1.95 each,Betty Crocker Decorating Decors Cinnamon - 2 Oz,($0.97 / Ounce),condiments-spice-bake,"('Betty Crocker Decorating Decors Cinnamon ', ' 2 Oz')",True, 2 Oz,Betty Crocker Decorating Decors Cinnamon 
1136,Your Price $4.49 each,Wilton Sprinkles Light Green Sparkling Sugar - 5.25 Oz,($0.86 / Ounce),condiments-spice-bake,"('Wilton Sprinkles Light Green Sparkling Sugar ', ' 5.25 Oz')",True, 5.25 Oz,Wilton Sprinkles Light Green Sparkling Sugar 
1137,Your Price $9.99 each,Wilton Decorator Preferred Fondant White Vanilla - 24 Oz,($0.42 / Ounce),condiments-spice-bake,"('Wilton Decorator Preferred Fondant White Vanilla ', ' 24 Oz')",True, 24 Oz,Wilton Decorator Preferred Fondant White Vanilla 
1138,Your Price $2.49 each,Pillsbury Crmy Suprm White Frosting - 16 OZ,($0.16 / Ounce),condiments-spice-bake,"('Pillsbury Crmy Suprm White Frosting ', ' 16 OZ')",True, 16 OZ,Pillsbury Crmy Suprm White Frosting 
1139,Your Price $0.99 each,Signature SELECT Baking Cups Foil - 32 Count,($0.03 / Count),condiments-spice-bake,"('Signature SELECT Baking Cups Foil ', ' 32 Count')",True, 32 Count,Signature SELECT Baking Cups Foil 
1140,Your Price $4.24 each,Betty Crocker Gel Food Colors Classic - 2.7 Oz,($1.57 / Ounce),condiments-spice-bake,"('Betty Crocker Gel Food Colors Classic ', ' 2.7 Oz')",True, 2.7 Oz,Betty Crocker Gel Food Colors Classic 
1141,Your Price $4.99 each,Signature SELECT Honey Clover Squeeze Bear - 12 Oz,($0.42 / Ounce),condiments-spice-bake,"('Signature SELECT Honey Clover Squeeze Bear ', ' 12 Oz')",True, 12 Oz,Signature SELECT Honey Clover Squeeze Bear 
1142,Your Price $7.99 each,Local Hive Honey Raw & Unfiltered Great Lakes - 12 Oz,($0.67 / Ounce),condiments-spice-bake,"('Local Hive Honey Raw & Unfiltered Great Lakes ', ' 12 Oz')",True, 12 Oz,Local Hive Honey Raw & Unfiltered Great Lakes 
1143,Your Price $8.99 each,O Organics Organic Honey - 16 Oz,($0.56 / Ounce),condiments-spice-bake,"('O Organics Organic Honey ', ' 16 Oz')",True, 16 Oz,O Organics Organic Honey 
1144,Your Price $12.99 each,Local Hive Honey Raw & Unfiltered Midwest - 24 Oz,($0.54 / Ounce),condiments-spice-bake,"('Local Hive Honey Raw & Unfiltered Midwest ', ' 24 Oz')",True, 24 Oz,Local Hive Honey Raw & Unfiltered Midwest 
1145,Your Price $7.49 each,Signature SELECT Honey Clover Squeeze Bottle - 16 Oz,($0.47 / Ounce),condiments-spice-bake,"('Signature SELECT Honey Clover Squeeze Bottle ', ' 16 Oz')",True, 16 Oz,Signature SELECT Honey Clover Squeeze Bottle 
1146,Your Price $19.99 each,Local Hive Great Lakes Honey - 40 OZ,($0.50 / Ounce),condiments-spice-bake,"('Local Hive Great Lakes Honey ', ' 40 OZ')",True, 40 OZ,Local Hive Great Lakes Honey 
1147,Your Price $14.99 each,O Organics Organic Honey - 40 Oz,($0.37 / Ounce),condiments-spice-bake,"('O Organics Organic Honey ', ' 40 Oz')",True, 40 Oz,O Organics Organic Honey 
1148,Your Price $19.99 each,Nature Nates Honey Bottle - 32 Oz,($0.62 / Ounce),condiments-spice-bake,"('Nature Nates Honey Bottle ', ' 32 Oz')",True, 32 Oz,Nature Nates Honey Bottle 
1149,Your Price $8.49 each,Signature Select Wildflower Honey Raw - 16 Oz,($0.53 / Ounce),condiments-spice-bake,"('Signature Select Wildflower Honey Raw ', ' 16 Oz')",True, 16 Oz,Signature Select Wildflower Honey Raw 
1150,Your Price $10.49 each,Local Hive Orange Blossom Honey - 16 OZ,($0.66 / Ounce),condiments-spice-bake,"('Local Hive Orange Blossom Honey ', ' 16 OZ')",True, 16 OZ,Local Hive Orange Blossom Honey 
1151,Your Price $11.99 each,Nature Nates Organic Honey Raw & Unfiltered - 16 Oz,($0.75 / Ounce),condiments-spice-bake,"('Nature Nates Organic Honey Raw & Unfiltered ', ' 16 Oz')",True, 16 Oz,Nature Nates Organic Honey Raw & Unfiltered 
1152,Your Price $19.99 each,Local Hive 100% Raw & Unfiltered Honey - 40 OZ,($0.50 / Ounce),condiments-spice-bake,"('Local Hive 100% Raw & Unfiltered Honey ', ' 40 OZ')",True, 40 OZ,Local Hive 100% Raw & Unfiltered Honey 
1153,Your Price $10.49 each,Signature SELECT Honey Clover Squeeze Bear - 24 Oz,($0.44 / Ounce),condiments-spice-bake,"('Signature SELECT Honey Clover Squeeze Bear ', ' 24 Oz')",True, 24 Oz,Signature SELECT Honey Clover Squeeze Bear 
1154,Your Price $15.99 each,Open Nature Honey Manuka - 8 Oz,($2.00 / Ounce),condiments-spice-bake,"('Open Nature Honey Manuka ', ' 8 Oz')",True, 8 Oz,Open Nature Honey Manuka 
1155,Your Price $7.99 each,Nature Nates Honey Bear - 12 Oz,($0.67 / Ounce),condiments-spice-bake,"('Nature Nates Honey Bear ', ' 12 Oz')",True, 12 Oz,Nature Nates Honey Bear 
1156,Your Price $14.99 each,Signature SELECT Honey Clover Squeeze Bottle - 40 Oz,($0.37 / Ounce),condiments-spice-bake,"('Signature SELECT Honey Clover Squeeze Bottle ', ' 40 Oz')",True, 40 Oz,Signature SELECT Honey Clover Squeeze Bottle 
1157,Your Price $9.99 each,Nature Nates Honey Raw & Unfiltered - 16 Oz,($0.62 / Ounce),condiments-spice-bake,"('Nature Nates Honey Raw & Unfiltered ', ' 16 Oz')",True, 16 Oz,Nature Nates Honey Raw & Unfiltered 
1158,Your Price $6.49 each,Signature Select Honey Spicy Infused With Chilies - 12 Oz,($0.54 / Ounce),condiments-spice-bake,"('Signature Select Honey Spicy Infused With Chilies ', ' 12 Oz')",True, 12 Oz,Signature Select Honey Spicy Infused With Chilies 
1159,Your Price $12.99 each,Local Hive Honey Raw & Unfiltered Authentic Clover - 24 Oz,($0.54 / Ounce),condiments-spice-bake,"('Local Hive Honey Raw & Unfiltered Authentic Clover ', ' 24 Oz')",True, 24 Oz,Local Hive Honey Raw & Unfiltered Authentic Clover 
1160,Your Price $7.49 each,SueBee Honey Premium Clover - 12 Oz,($0.62 / Ounce),condiments-spice-bake,"('SueBee Honey Premium Clover ', ' 12 Oz')",True, 12 Oz,SueBee Honey Premium Clover 
1161,Your Price $10.99 each,Mikes Hot Honey Honey Infused With Chili - 12 Oz,($0.92 / Ounce),condiments-spice-bake,"('Mikes Hot Honey Honey Infused With Chili ', ' 12 Oz')",True, 12 Oz,Mikes Hot Honey Honey Infused With Chili 
1162,Your Price $23.99 each,Nature Nateâ€™s Organic Raw & Unfiltered Honey - 32 oz,($0.75 / Ounce),condiments-spice-bake,"('Nature Nateâ€™s Organic Raw & Unfiltered Honey ', ' 32 oz')",True, 32 oz,Nature Nateâ€™s Organic Raw & Unfiltered Honey 
1163,Your Price $9.99 each,Wholesome Sweetener Blue Agave - 23.5 Oz,($0.43 / Ounce),condiments-spice-bake,"('Wholesome Sweetener Blue Agave ', ' 23.5 Oz')",True, 23.5 Oz,Wholesome Sweetener Blue Agave 
1164,Your Price $12.99 each,SueBee Honey Premium Clover - 24 Oz,($0.54 / Ounce),condiments-spice-bake,"('SueBee Honey Premium Clover ', ' 24 Oz')",True, 24 Oz,SueBee Honey Premium Clover 
1165,Your Price $16.99 each,Aunt Sues Honey - 32 OZ,($0.53 / Ounce),condiments-spice-bake,"('Aunt Sues Honey ', ' 32 OZ')",True, 32 OZ,Aunt Sues Honey 
1166,Your Price $7.99 each,Local Hive Honey Raw & Unfiltered Midwest - 12 Oz,($0.67 / Ounce),condiments-spice-bake,"('Local Hive Honey Raw & Unfiltered Midwest ', ' 12 Oz')",True, 12 Oz,Local Hive Honey Raw & Unfiltered Midwest 
1167,Your Price $12.99 each,Local Hive Honey Raw & Unfiltered Great Lakes - 24 Oz,($0.54 / Ounce),condiments-spice-bake,"('Local Hive Honey Raw & Unfiltered Great Lakes ', ' 24 Oz')",True, 24 Oz,Local Hive Honey Raw & Unfiltered Great Lakes 
1168,Your Price $19.99 each,Wedderspoon Honey Raw Manuka KFactor 16 - 8.8 Oz,($2.27 / Ounce),condiments-spice-bake,"('Wedderspoon Honey Raw Manuka KFactor 16 ', ' 8.8 Oz')",True, 8.8 Oz,Wedderspoon Honey Raw Manuka KFactor 16 
1169,Your Price $6.99 each,OREO Cookies Sandwich Chocolate Party Size - 25.5 Oz,($0.27 / Ounce),cookies-snacks-candy,"('OREO Cookies Sandwich Chocolate Party Size ', ' 25.5 Oz')",True, 25.5 Oz,OREO Cookies Sandwich Chocolate Party Size 
1170,Your Price $3.49 each,Arnotts Tim Tam Cookies Chewy Caramel - 6.2 Oz,($0.56 / Ounce),cookies-snacks-candy,"('Arnotts Tim Tam Cookies Chewy Caramel ', ' 6.2 Oz')",True, 6.2 Oz,Arnotts Tim Tam Cookies Chewy Caramel 
1171,Your Price $3.49 each,Arnotts Tim Tam Cookies Original - 7 Oz,($0.50 / Ounce),cookies-snacks-candy,"('Arnotts Tim Tam Cookies Original ', ' 7 Oz')",True, 7 Oz,Arnotts Tim Tam Cookies Original 
1172,Your Price $3.49 each,Arnotts Tim Tam Cookies Dark â€“ 7 Oz,($0.50 / Ounce),cookies-snacks-candy,"('Arnotts Tim Tam Cookies Dark â€“ ', '7 Oz')",False,7 Oz,Arnotts Tim Tam Cookies Dark â€“ 
1173,Your Price $7.99 each,Pepperidge Farm Cookies Classic Collection - 13.25 Oz,($0.60 / Ounce),cookies-snacks-candy,"('Pepperidge Farm Cookies Classic Collection ', ' 13.25 Oz')",True, 13.25 Oz,Pepperidge Farm Cookies Classic Collection 
1174,Your Price $5.99 each,Tates Bake Shop Cookies Chocolate Chip - 7 Oz,($0.86 / Ounce),cookies-snacks-candy,"('Tates Bake Shop Cookies Chocolate Chip ', ' 7 Oz')",True, 7 Oz,Tates Bake Shop Cookies Chocolate Chip 
1175,Your Price $5.99 each,OREO Chocolate Sandwich Cookies Family Size - 19.1 Oz,($0.31 / Ounce),cookies-snacks-candy,"('OREO Chocolate Sandwich Cookies Family Size ', ' 19.1 Oz')",True, 19.1 Oz,OREO Chocolate Sandwich Cookies Family Size 
1176,Your Price $4.99 each,Voortman Bakery Lemon Wafers - 10.6 Oz,($0.47 / Ounce),cookies-snacks-candy,"('Voortman Bakery Lemon Wafers ', ' 10.6 Oz')",True, 10.6 Oz,Voortman Bakery Lemon Wafers 
1177,Your Price $9.49 each,OREO Sandwich Cookies Chocolate - 6 Count,($0.79 / Count),cookies-snacks-candy,"('OREO Sandwich Cookies Chocolate ', ' 6 Count')",True, 6 Count,OREO Sandwich Cookies Chocolate 
1178,Your Price $6.79 each,Ginger Snaps Cookies - 16 Oz,($0.42 / Ounce),cookies-snacks-candy,"('Ginger Snaps Cookies ', ' 16 Oz')",True, 16 Oz,Ginger Snaps Cookies 
1179,Your Price $6.79 each,Pinwheels Cookies Fudge and Marshmallow - 12 Oz,($0.57 / Ounce),cookies-snacks-candy,"('Pinwheels Cookies Fudge and Marshmallow ', ' 12 Oz')",True, 12 Oz,Pinwheels Cookies Fudge and Marshmallow 
1180,Your Price $5.99 each,Tates Bake Shop Cookies White Chocolate Macadamia Nut - 7 Oz,($0.86 / Ounce),cookies-snacks-candy,"('Tates Bake Shop Cookies White Chocolate Macadamia Nut ', ' 7 Oz')",True, 7 Oz,Tates Bake Shop Cookies White Chocolate Macadamia Nut 
1181,Your Price $5.99 each,OREO Sandwich Cookies Golden Family Size - 19.1 Oz,($0.31 / Ounce),cookies-snacks-candy,"('OREO Sandwich Cookies Golden Family Size ', ' 19.1 Oz')",True, 19.1 Oz,OREO Sandwich Cookies Golden Family Size 
1182,Your Price $5.49 each,Honey Maid Honey Graham Cracker - 14.4 Oz,($0.38 / Ounce),cookies-snacks-candy,"('Honey Maid Honey Graham Cracker ', ' 14.4 Oz')",True, 14.4 Oz,Honey Maid Honey Graham Cracker 
1183,Your Price $5.99 each,OREO Cookie Sandwich Chocolate Peanut Butter Pie - 17 Oz,($0.35 / Ounce),cookies-snacks-candy,"('OREO Cookie Sandwich Chocolate Peanut Butter Pie ', ' 17 Oz')",True, 17 Oz,OREO Cookie Sandwich Chocolate Peanut Butter Pie 
1184,Your Price $3.99 each,Nonnis Biscotti Cioccolati 8 Count - 6.88 Oz,($0.50 / Count),cookies-snacks-candy,"('Nonnis Biscotti Cioccolati 8 Count ', ' 6.88 Oz')",True, 6.88 Oz,Nonnis Biscotti Cioccolati 8 Count 
1185,Your Price $6.79 each,Lorna Doone Shortbread Cookies Snack Packs - 10 Count,($0.68 / Ounce),cookies-snacks-candy,"('Lorna Doone Shortbread Cookies Snack Packs ', ' 10 Count')",True, 10 Count,Lorna Doone Shortbread Cookies Snack Packs 
1186,Your Price $5.99 each,Nilla Wafers - 8-11 Oz,($0.54 / Ounce),cookies-snacks-candy,"('Nilla Wafers  ', '8-11 Oz')",True,8-11 Oz,Nilla Wafers  
1187,Your Price $5.49 each,Honey Maid Fresh Stacks Graham Crackers 6 Count - 12.2 Oz,($0.45 / Ounce),cookies-snacks-candy,"('Honey Maid Fresh Stacks Graham Crackers 6 Count ', ' 12.2 Oz')",True, 12.2 Oz,Honey Maid Fresh Stacks Graham Crackers 6 Count 
1188,Your Price $5.49 each,Oreo Cakesters Cookies Original - 10.1 OZ,($0.54 / Ounce),cookies-snacks-candy,"('Oreo Cakesters Cookies Original ', ' 10.1 OZ')",True, 10.1 OZ,Oreo Cakesters Cookies Original 
1189,Your Price $5.99 each,Nutter Butter Wafer Cookies Peanut Butter - 10.5 Oz,($0.57 / Ounce),cookies-snacks-candy,"('Nutter Butter Wafer Cookies Peanut Butter ', ' 10.5 Oz')",True, 10.5 Oz,Nutter Butter Wafer Cookies Peanut Butter 
1190,Your Price $3.00 each,Keebler Original Fudge Stripes - 11.5 OZ,($0.26 / Ounce),cookies-snacks-candy,"('Keebler Original Fudge Stripes ', ' 11.5 OZ')",True, 11.5 OZ,Keebler Original Fudge Stripes 
1191,Your Price $5.99 each,Tates Bake Shop Cookies Gluten Free Chocolate Chip - 7 Oz,($0.86 / Ounce),cookies-snacks-candy,"('Tates Bake Shop Cookies Gluten Free Chocolate Chip ', ' 7 Oz')",True, 7 Oz,Tates Bake Shop Cookies Gluten Free Chocolate Chip 
1192,Your Price $4.99 each,OREO Sandwich Cookies Chocolate - 14.3 Oz,($0.35 / Ounce),cookies-snacks-candy,"('OREO Sandwich Cookies Chocolate ', ' 14.3 Oz')",True, 14.3 Oz,OREO Sandwich Cookies Chocolate 
1193,Your Price $3.99 each,Pepperidge Farm Double Chocolate Milano Cookies - 7.5 Oz,($0.53 / Ounce),cookies-snacks-candy,"('Pepperidge Farm Double Chocolate Milano Cookies ', ' 7.5 Oz')",True, 7.5 Oz,Pepperidge Farm Double Chocolate Milano Cookies 
1194,Your Price $6.99 each,Honey Maid Graham Crackers Family Size - 25.6 Oz,($0.27 / Ounce),cookies-snacks-candy,"('Honey Maid Graham Crackers Family Size ', ' 25.6 Oz')",True, 25.6 Oz,Honey Maid Graham Crackers Family Size 
1195,Your Price $5.99 each,Nilla Wafers Mini Vanilla Wafer Cookies - 11 Oz,($0.54 / Ounce),cookies-snacks-candy,"('Nilla Wafers Mini Vanilla Wafer Cookies ', ' 11 Oz')",True, 11 Oz,Nilla Wafers Mini Vanilla Wafer Cookies 
1196,Your Price $5.49 each,Newtons Soft & Fruit Chewy Fig Cookies - 10 Oz,($0.55 / Ounce),cookies-snacks-candy,"('Newtons Soft & Fruit Chewy Fig Cookies ', ' 10 Oz')",True, 10 Oz,Newtons Soft & Fruit Chewy Fig Cookies 
1197,Your Price $6.49 each,Ruffles Original Potato Chips - 13 Oz,($0.50 / Ounce),cookies-snacks-candy,"('Ruffles Original Potato Chips ', ' 13 Oz')",True, 13 Oz,Ruffles Original Potato Chips 
1198,Your Price $5.49 each,Lays Potato Chips Classic Party Size - 13 Oz,($0.42 / Ounce),cookies-snacks-candy,"('Lays Potato Chips Classic Party Size ', ' 13 Oz')",True, 13 Oz,Lays Potato Chips Classic Party Size 
1199,Your Price $21.99 each,Frito Lay Variety Pack Flavor Mix â€“ 42 Ct,($0.52 / Count),cookies-snacks-candy,"('Frito Lay Variety Pack Flavor Mix â€“ ', '42 Ct')",False,42 Ct,Frito Lay Variety Pack Flavor Mix â€“ 
1200,Your Price $7.99 each,Kettle Sea Salt Potato Chips - 13 Oz,($0.61 / Ounce),cookies-snacks-candy,"('Kettle Sea Salt Potato Chips ', ' 13 Oz')",True, 13 Oz,Kettle Sea Salt Potato Chips 
1201,Your Price $6.49 each,DORITOS Tortilla Chips Nacho Party Size - 14.5 OZ,($0.45 / Ounce),cookies-snacks-candy,"('DORITOS Tortilla Chips Nacho Party Size ', ' 14.5 OZ')",True, 14.5 OZ,DORITOS Tortilla Chips Nacho Party Size 
1202,Your Price $5.49 each,Doritos Tortilla Chips Nacho Cheese - 9.25 Oz,($0.59 / Ounce),cookies-snacks-candy,"('Doritos Tortilla Chips Nacho Cheese ', ' 9.25 Oz')",True, 9.25 Oz,Doritos Tortilla Chips Nacho Cheese 
1203,Your Price $16.99 each,Frito-Lay Variety Pack Bold Party Mix- 28ct,($0.61 / Count),cookies-snacks-candy,"('Frito Lay Variety Pack Bold Party Mix', '28ct')",True,28ct,Frito Lay Variety Pack Bold Party Mix
1204,Your Price $3.99 each,Cape Cod Potato Chips Less Fat Original Kettle Chips - 8 Oz,($0.50 / Ounce),cookies-snacks-candy,"('Cape Cod Potato Chips Less Fat Original Kettle Chips ', ' 8 Oz')",True, 8 Oz,Cape Cod Potato Chips Less Fat Original Kettle Chips 
1205,Your Price $5.49 each,Lays Potato Chips Wavy Original Party Size - 13 Oz,($0.42 / Ounce),cookies-snacks-candy,"('Lays Potato Chips Wavy Original Party Size ', ' 13 Oz')",True, 13 Oz,Lays Potato Chips Wavy Original Party Size 
1206,Your Price $6.29 each,Kettle Brand Sea Salt Kettle Chips - 7.5 Oz,($0.84 / Ounce),cookies-snacks-candy,"('Kettle Brand Sea Salt Kettle Chips ', ' 7.5 Oz')",True, 7.5 Oz,Kettle Brand Sea Salt Kettle Chips 
1207,Your Price $4.99 each,CHEETOS Snacks Cheese Flavored Puffs - 8 Oz,($0.62 / Ounce),cookies-snacks-candy,"('CHEETOS Snacks Cheese Flavored Puffs ', ' 8 Oz')",True, 8 Oz,CHEETOS Snacks Cheese Flavored Puffs 
1208,Your Price $16.99 each,Frito Lay Classic Mix Variety Pack - 28 Ct,($0.61 / Count),cookies-snacks-candy,"('Frito Lay Classic Mix Variety Pack ', ' 28 Ct')",True, 28 Ct,Frito Lay Classic Mix Variety Pack 
1209,Your Price $5.49 each,Ruffles Potato Chips Original - 8.5 OZ,($0.65 / Ounce),cookies-snacks-candy,"('Ruffles Potato Chips Original ', ' 8.5 OZ')",True, 8.5 OZ,Ruffles Potato Chips Original 
1210,Your Price $4.99 each,Fritos Corn Chips The Original - 9.25 Oz,($0.54 / Ounce),cookies-snacks-candy,"('Fritos Corn Chips The Original ', ' 9.25 Oz')",True, 9.25 Oz,Fritos Corn Chips The Original 
1211,Your Price $4.99 each,Cheetos Cheese Flavored Crunchy Snacks - 8.5 Oz,($0.59 / Ounce),cookies-snacks-candy,"('Cheetos Cheese Flavored Crunchy Snacks ', ' 8.5 Oz')",True, 8.5 Oz,Cheetos Cheese Flavored Crunchy Snacks 
1212,Your Price $4.49 each,Lays Potato Chips Classic - 8 Oz,($0.56 / Ounce),cookies-snacks-candy,"('Lays Potato Chips Classic ', ' 8 Oz')",True, 8 Oz,Lays Potato Chips Classic 
1213,Your Price $16.99 each,Frito Lay Variety Pack Flavor Mix â€“ 28 Ct,($0.61 / Count),cookies-snacks-candy,"('Frito Lay Variety Pack Flavor Mix â€“ ', '28 Ct')",False,28 Ct,Frito Lay Variety Pack Flavor Mix â€“ 
1214,Your Price $6.49 each,Ruffles Potato Chips Cheddar & Sour Cream - 12.5 OZ,($0.52 / Ounce),cookies-snacks-candy,"('Ruffles Potato Chips Cheddar & Sour Cream ', ' 12.5 OZ')",True, 12.5 OZ,Ruffles Potato Chips Cheddar & Sour Cream 
1215,Your Price $5.49 each,Lays Potato Chips Barbecue Party Size - 12.5 Oz,($0.44 / Ounce),cookies-snacks-candy,"('Lays Potato Chips Barbecue Party Size ', ' 12.5 Oz')",True, 12.5 Oz,Lays Potato Chips Barbecue Party Size 
1216,Your Price $6.49 each,TOSTITOS Tortilla Chips Scoops Party Size - 14.5 Oz,($0.45 / Ounce),cookies-snacks-candy,"('TOSTITOS Tortilla Chips Scoops Party Size ', ' 14.5 Oz')",True, 14.5 Oz,TOSTITOS Tortilla Chips Scoops Party Size 
1217,Your Price $6.49 each,Tostitos Tortilla Chips Restaurant Style - 17 OZ,($0.38 / Ounce),cookies-snacks-candy,"('Tostitos Tortilla Chips Restaurant Style ', ' 17 OZ')",True, 17 OZ,Tostitos Tortilla Chips Restaurant Style 
1218,Your Price $5.49 each,Doritos Tortilla Chips Cool Ranch 9.25 Ounce - 9.25 OZ,($0.59 / Ounce),cookies-snacks-candy,"('Doritos Tortilla Chips Cool Ranch 9.25 Ounce ', ' 9.25 OZ')",True, 9.25 OZ,Doritos Tortilla Chips Cool Ranch 9.25 Ounce 
1219,Your Price $11.99 each,Frito-Lay Variety Pack Classic Mix - 18ct,($0.67 / Count),cookies-snacks-candy,"('Frito Lay Variety Pack Classic Mix', '18ct')",True,18ct,Frito Lay Variety Pack Classic Mix
1220,Your Price $4.49 each,Lays Potato Chips Barbecue - 7.75 Oz,($0.58 / Ounce),cookies-snacks-candy,"('Lays Potato Chips Barbecue ', ' 7.75 Oz')",True, 7.75 Oz,Lays Potato Chips Barbecue 
1221,Your Price $21.99 each,Frito Lay Variety Pack Classic Mix â€“ 42 Ct,($0.52 / Count),cookies-snacks-candy,"('Frito Lay Variety Pack Classic Mix â€“ ', '42 Ct')",False,42 Ct,Frito Lay Variety Pack Classic Mix â€“ 
1222,Your Price $11.99 each,Frito-Lay Variety Pack Family Fun Mix - 18ct,($0.67 / Count),cookies-snacks-candy,"('Frito Lay Variety Pack Family Fun Mix', '18ct')",True,18ct,Frito Lay Variety Pack Family Fun Mix
1223,Your Price $5.49 each,Tostitos Tortilla Chips Bite Size Rounds - 12 OZ,($0.46 / Ounce),cookies-snacks-candy,"('Tostitos Tortilla Chips Bite Size Rounds ', ' 12 OZ')",True, 12 OZ,Tostitos Tortilla Chips Bite Size Rounds 
1224,Your Price $5.49 each,Lays Potato Chips Sour Cream & Onion Party Size - 12.5 Oz,($0.44 / Ounce),cookies-snacks-candy,"('Lays Potato Chips Sour Cream & Onion Party Size ', ' 12.5 Oz')",True, 12.5 Oz,Lays Potato Chips Sour Cream & Onion Party Size 
1225,Your Price $4.49 each,Lays Potato Chips Wavy Original Bag - 7.75 Oz,($0.58 / Ounce),cookies-snacks-candy,"('Lays Potato Chips Wavy Original Bag ', ' 7.75 Oz')",True, 7.75 Oz,Lays Potato Chips Wavy Original Bag 
1226,Your Price $6.49 each,DORITOS Tortilla Chips Cool Ranch Party Size - 14.5 OZ,($0.45 / Ounce),cookies-snacks-candy,"('DORITOS Tortilla Chips Cool Ranch Party Size ', ' 14.5 OZ')",True, 14.5 OZ,DORITOS Tortilla Chips Cool Ranch Party Size 
1227,Your Price $5.49 each,Ruffles Potato Chips Cheddar & Sour Cream - 8 OZ,($0.69 / Ounce),cookies-snacks-candy,"('Ruffles Potato Chips Cheddar & Sour Cream ', ' 8 OZ')",True, 8 OZ,Ruffles Potato Chips Cheddar & Sour Cream 
1228,Your Price $10.99 each,Lindt Lindor Truffles Milk Chocolate - 15.2 Oz,($0.72 / Ounce),cookies-snacks-candy,"('Lindt Lindor Truffles Milk Chocolate ', ' 15.2 Oz')",True, 15.2 Oz,Lindt Lindor Truffles Milk Chocolate 
1229,Your Price $10.99 each,Lindt Lindor Truffles Assorted Chocolate - 15.2 Oz,($0.72 / Ounce),cookies-snacks-candy,"('Lindt Lindor Truffles Assorted Chocolate ', ' 15.2 Oz')",True, 15.2 Oz,Lindt Lindor Truffles Assorted Chocolate 
1230,Your Price $3.50 each,Gatsby Cookies & Cream Bar - 2.8 Oz,($1.25 / Ounce),cookies-snacks-candy,"('Gatsby Cookies & Cream Bar ', ' 2.8 Oz')",True, 2.8 Oz,Gatsby Cookies & Cream Bar 
1231,Your Price $5.49 each,Ferrero Rocher Chocolate Truffles Hazelnut - 5.3 Oz,($1.04 / Ounce),cookies-snacks-candy,"('Ferrero Rocher Chocolate Truffles Hazelnut ', ' 5.3 Oz')",True, 5.3 Oz,Ferrero Rocher Chocolate Truffles Hazelnut 
1232,Your Price $7.99 each,HERSHEYS Candy Chocolate Miniatures Family Pack - 17.6 Oz,($0.45 / Ounce),cookies-snacks-candy,"('HERSHEYS Candy Chocolate Miniatures Family Pack ', ' 17.6 Oz')",True, 17.6 Oz,HERSHEYS Candy Chocolate Miniatures Family Pack 
1233,Your Price $4.50 each,HERSHEY'S Nuggets Milk Chocolate Candy Share Pack - 10.2 Oz,($0.44 / Ounce),cookies-snacks-candy,"(""HERSHEY'S Nuggets Milk Chocolate Candy Share Pack "", ' 10.2 Oz')",True, 10.2 Oz,HERSHEY'S Nuggets Milk Chocolate Candy Share Pack 
1234,Your Price $3.50 each,Gatsby Sea Salt Extra Dark Chocolate Bar - 2.8 Oz,($1.25 / Ounce),cookies-snacks-candy,"('Gatsby Sea Salt Extra Dark Chocolate Bar ', ' 2.8 Oz')",True, 2.8 Oz,Gatsby Sea Salt Extra Dark Chocolate Bar 
1235,Your Price $4.50 each,Lindt Lindor Truffles Milk Chocolate - 5.1 Oz,($0.88 / Ounce),cookies-snacks-candy,"('Lindt Lindor Truffles Milk Chocolate ', ' 5.1 Oz')",True, 5.1 Oz,Lindt Lindor Truffles Milk Chocolate 
1236,Your Price $6.49 each,Unreal Peanut Butter Cups Dark Chocolate - 4.2 Oz,($1.62 / Ounce),cookies-snacks-candy,"('Unreal Peanut Butter Cups Dark Chocolate ', ' 4.2 Oz')",True, 4.2 Oz,Unreal Peanut Butter Cups Dark Chocolate 
1237,Your Price $5.79 each,Kit Kat Minis - 8 Oz,($0.76 / Ounce),cookies-snacks-candy,"('Kit Kat Minis ', ' 8 Oz')",True, 8 Oz,Kit Kat Minis 
1238,Your Price $12.99 each,Ghirardelli Dark Chocolate Assortment Squares - 14.86 Oz,($0.87 / Ounce),cookies-snacks-candy,"('Ghirardelli Dark Chocolate Assortment Squares ', ' 14.86 Oz')",True, 14.86 Oz,Ghirardelli Dark Chocolate Assortment Squares 
1239,Your Price $10.99 each,Lindt Lindor Truffles Dark Chocolate Assorted - 15.2 Oz,($0.72 / Ounce),cookies-snacks-candy,"('Lindt Lindor Truffles Dark Chocolate Assorted ', ' 15.2 Oz')",True, 15.2 Oz,Lindt Lindor Truffles Dark Chocolate Assorted 
1240,Your Price $5.99 each,Kinder Bueno Mini Share Pack - 5.7 Oz,($1.05 / Ounce),cookies-snacks-candy,"('Kinder Bueno Mini Share Pack ', ' 5.7 Oz')",True, 5.7 Oz,Kinder Bueno Mini Share Pack 
1241,Your Price $6.49 each,Merci Finest Assorted Chocolate Candy Gift Box - 7.04 Oz,($0.93 / Ounce),cookies-snacks-candy,"('Merci Finest Assorted Chocolate Candy Gift Box ', ' 7.04 Oz')",True, 7.04 Oz,Merci Finest Assorted Chocolate Candy Gift Box 
1242,Your Price $5.79 each,HERSHEYS Milk Chocolate Snack Size - 10.35 Oz,($0.56 / Ounce),cookies-snacks-candy,"('HERSHEYS Milk Chocolate Snack Size ', ' 10.35 Oz')",True, 10.35 Oz,HERSHEYS Milk Chocolate Snack Size 
1243,Your Price $3.50 each,Signature Reserve Caramel Dark Chocolate Sea Salt - Each,($0.61 / Ounce),cookies-snacks-candy,"('Signature Reserve Caramel Dark Chocolate Sea Salt ', ' Each')",True, Each,Signature Reserve Caramel Dark Chocolate Sea Salt 
1244,Your Price $5.79 each,HERSHEY'S Kisses Milk Chocolate Candy Share Pack - 10.8 Oz,($0.54 / Ounce),cookies-snacks-candy,"(""HERSHEY'S Kisses Milk Chocolate Candy Share Pack "", ' 10.8 Oz')",True, 10.8 Oz,HERSHEY'S Kisses Milk Chocolate Candy Share Pack 
1245,Your Price $3.50 each,Signature Reserve Caramel Milk Chocolate Sea Salt - 5.7 Oz,($0.61 / Ounce),cookies-snacks-candy,"('Signature Reserve Caramel Milk Chocolate Sea Salt ', ' 5.7 Oz')",True, 5.7 Oz,Signature Reserve Caramel Milk Chocolate Sea Salt 
1246,Your Price $4.50 each,Reeses Peanut Butter Cups Thins Milk Chocolate - 7.37 Oz,($0.61 / Ounce),cookies-snacks-candy,"('Reeses Peanut Butter Cups Thins Milk Chocolate ', ' 7.37 Oz')",True, 7.37 Oz,Reeses Peanut Butter Cups Thins Milk Chocolate 
1247,Your Price $2.79 each,Andes Creme De Menthe Thin Mints - 4.67 Oz,($0.60 / Ounce),cookies-snacks-candy,"('Andes Creme De Menthe Thin Mints ', ' 4.67 Oz')",True, 4.67 Oz,Andes Creme De Menthe Thin Mints 
1248,Your Price $3.49 each,Ferrero Rocher Dark Hazelnut 90g Tablet - EA,($1.13 / Ounce),cookies-snacks-candy,"('Ferrero Rocher Dark Hazelnut 90g Tablet ', ' EA')",True, EA,Ferrero Rocher Dark Hazelnut 90g Tablet 
1249,Your Price $1.79 each,HERSHEY'S Cookies N Creme Candy Bar - 1.5 Oz,($1.15 / Ounce),cookies-snacks-candy,"(""HERSHEY'S Cookies N Creme Candy Bar "", ' 1.5 Oz')",True, 1.5 Oz,HERSHEY'S Cookies N Creme Candy Bar 
1250,Your Price $7.99 each,Cheez-It Cheese Crackers Baked Snack Original - 21 Oz,($0.38 / Ounce),cookies-snacks-candy,"('Cheez It Cheese Crackers Baked Snack Original', '21 Oz')",True,21 Oz,Cheez It Cheese Crackers Baked Snack Original
1251,Your Price $4.99 each,PREMIUM Original Saltine Crackers - 16 Oz,($0.31 / Ounce),cookies-snacks-candy,"('PREMIUM Original Saltine Crackers ', ' 16 Oz')",True, 16 Oz,PREMIUM Original Saltine Crackers 
1252,Your Price $4.99 each,RITZ Crackers Original - 13.7 Oz,($0.36 / Ounce),cookies-snacks-candy,"('RITZ Crackers Original ', ' 13.7 Oz')",True, 13.7 Oz,RITZ Crackers Original 
1253,Your Price $7.99 each,Club Crackers Lunch Box Snacks Original 9 Count - 18.8 Oz,($0.43 / Ounce),cookies-snacks-candy,"('Club Crackers Lunch Box Snacks Original 9 Count ', ' 18.8 Oz')",True, 18.8 Oz,Club Crackers Lunch Box Snacks Original 9 Count 
1254,Your Price $4.99 each,Cheez-It Cheese Crackers Baked Snack Original - 12.4 Oz,($0.40 / Ounce),cookies-snacks-candy,"('Cheez It Cheese Crackers Baked Snack Original', '12.4 Oz')",True,12.4 Oz,Cheez It Cheese Crackers Baked Snack Original
1255,Your Price $8.99 each,Pepperidge Farm Baked Cheddar Snack Crackers - 30 Oz,($0.30 / Ounce),cookies-snacks-candy,"('Pepperidge Farm Baked Cheddar Snack Crackers ', ' 30 Oz')",True, 30 Oz,Pepperidge Farm Baked Cheddar Snack Crackers 
1256,Your Price $6.99 each,RITZ Crackers Original Party Size - 27.4 Oz,($0.26 / Ounce),cookies-snacks-candy,"('RITZ Crackers Original Party Size ', ' 27.4 Oz')",True, 27.4 Oz,RITZ Crackers Original Party Size 
1257,Your Price $5.49 each,Crunchmaster Cracker Avocado Toast S&p - 3.54 OZ,($1.55 / Ounce),cookies-snacks-candy,"('Crunchmaster Cracker Avocado Toast S&p ', ' 3.54 OZ')",True, 3.54 OZ,Crunchmaster Cracker Avocado Toast S&p 
1258,Your Price $4.99 each,Nbc Crackers Wheat Thins - 8.5 OZ,($0.59 / Ounce),cookies-snacks-candy,"('Nbc Crackers Wheat Thins ', ' 8.5 OZ')",True, 8.5 OZ,Nbc Crackers Wheat Thins 
1259,Your Price $4.99 each,RITZ Crackers Fresh Stacks Original 8 Count - 11.8 Oz,($0.42 / Ounce),cookies-snacks-candy,"('RITZ Crackers Fresh Stacks Original 8 Count ', ' 11.8 Oz')",True, 11.8 Oz,RITZ Crackers Fresh Stacks Original 8 Count 
1260,Your Price $8.99 each,Kellogg's Cheez It 2 Flavors Crackers 2 Flavors - 12 Oz,($0.75 / Ounce),cookies-snacks-candy,"(""Kellogg's Cheez It 2 Flavors Crackers 2 Flavors "", ' 12 Oz')",True, 12 Oz,Kellogg's Cheez It 2 Flavors Crackers 2 Flavors 
1261,Your Price $6.99 each,Wheat Thins Party - 20 OZ,($0.35 / Ounce),cookies-snacks-candy,"('Wheat Thins Party ', ' 20 OZ')",True, 20 OZ,Wheat Thins Party 
1262,Your Price $5.49 each,Club Original Snack Crackers - 13.7 Oz,($0.40 / Ounce),cookies-snacks-candy,"('Club Original Snack Crackers ', ' 13.7 Oz')",True, 13.7 Oz,Club Original Snack Crackers 
1263,Your Price $4.99 each,RITZ Bits Crackers Sandwiches Cheese - 8.8 Oz,($0.57 / Ounce),cookies-snacks-candy,"('RITZ Bits Crackers Sandwiches Cheese ', ' 8.8 Oz')",True, 8.8 Oz,RITZ Bits Crackers Sandwiches Cheese 
1264,Your Price $5.99 each,Nbc Wheat Thins Crackers - 14 OZ,($0.43 / Ounce),cookies-snacks-candy,"('Nbc Wheat Thins Crackers ', ' 14 OZ')",True, 14 OZ,Nbc Wheat Thins Crackers 
1265,Your Price $4.99 each,Chicken in a Biskit Crackers Baked Snack Original - 7.5 Oz,($0.67 / Ounce),cookies-snacks-candy,"('Chicken in a Biskit Crackers Baked Snack Original ', ' 7.5 Oz')",True, 7.5 Oz,Chicken in a Biskit Crackers Baked Snack Original 
1266,Your Price $4.49 each,PREMIUM Crackers Saltine Original - 13.6 Oz,($0.33 / Ounce),cookies-snacks-candy,"('PREMIUM Crackers Saltine Original ', ' 13.6 Oz')",True, 13.6 Oz,PREMIUM Crackers Saltine Original 
1267,Your Price $5.99 each,RITZ Crackers Original - 20.5 Oz,($0.29 / Ounce),cookies-snacks-candy,"('RITZ Crackers Original ', ' 20.5 Oz')",True, 20.5 Oz,RITZ Crackers Original 
1268,Your Price $7.99 each,Cheez-It Cheese Crackers Baked Snack Extra Toasty - 21 Oz,($0.38 / Ounce),cookies-snacks-candy,"('Cheez It Cheese Crackers Baked Snack Extra Toasty', '21 Oz')",True,21 Oz,Cheez It Cheese Crackers Baked Snack Extra Toasty
1269,Your Price $5.99 each,Triscuit Wheat Crackers Whole Grain Original - 12.5 Oz,($0.48 / Ounce),cookies-snacks-candy,"('Triscuit Wheat Crackers Whole Grain Original ', ' 12.5 Oz')",True, 12.5 Oz,Triscuit Wheat Crackers Whole Grain Original 
1270,Your Price $4.99 each,Cheez-It Baked Snack Cheese Crackers White Cheddar - 12.4 Oz,($0.40 / Ounce),cookies-snacks-candy,"('Cheez It Baked Snack Cheese Crackers White Cheddar', '12.4 Oz')",True,12.4 Oz,Cheez It Baked Snack Cheese Crackers White Cheddar
1271,Your Price $4.49 each,Town House Crackers Snacks with Cheese Original - 13.8 Oz,($0.33 / Ounce),cookies-snacks-candy,"('Town House Crackers Snacks with Cheese Original ', ' 13.8 Oz')",True, 13.8 Oz,Town House Crackers Snacks with Cheese Original 
1272,Your Price $3.99 each,Signature SELECT Crackers Saltine - 16 Oz,($0.25 / Ounce),cookies-snacks-candy,"('Signature SELECT Crackers Saltine ', ' 16 Oz')",True, 16 Oz,Signature SELECT Crackers Saltine 
1273,Your Price $4.99 each,RITZ Crackers Fresh Stacks Baked with Whole Wheat - 8 Count,($0.43 / Ounce),cookies-snacks-candy,"('RITZ Crackers Fresh Stacks Baked with Whole Wheat ', ' 8 Count')",True, 8 Count,RITZ Crackers Fresh Stacks Baked with Whole Wheat 
1274,Your Price $4.99 each,Cheez-It Cheese Crackers Baked Snack Extra Toasty - 12.4 Oz,($0.40 / Ounce),cookies-snacks-candy,"('Cheez It Cheese Crackers Baked Snack Extra Toasty', '12.4 Oz')",True,12.4 Oz,Cheez It Cheese Crackers Baked Snack Extra Toasty
1275,Your Price $4.99 each,Sociables Crackers Baked Savory - 7.5 Oz,($0.67 / Ounce),cookies-snacks-candy,"('Sociables Crackers Baked Savory ', ' 7.5 Oz')",True, 7.5 Oz,Sociables Crackers Baked Savory 
1276,Your Price $6.49 each,Smartfood Popcorn White Cheddar Party Size - 9.75 Oz,($0.67 / Ounce),cookies-snacks-candy,"('Smartfood Popcorn White Cheddar Party Size ', ' 9.75 Oz')",True, 9.75 Oz,Smartfood Popcorn White Cheddar Party Size 
1277,Your Price $6.29 each,Kettle Foods Potato Chips Parmesan Garlic - 7.5 Oz,($0.84 / Ounce),cookies-snacks-candy,"('Kettle Foods Potato Chips Parmesan Garlic ', ' 7.5 Oz')",True, 7.5 Oz,Kettle Foods Potato Chips Parmesan Garlic 
1278,Your Price $8.99 each,Pop Secret Movie Theater Bttr Popcorn - 38.4 Oz,($0.23 / Ounce),cookies-snacks-candy,"('Pop Secret Movie Theater Bttr Popcorn ', ' 38.4 Oz')",True, 38.4 Oz,Pop Secret Movie Theater Bttr Popcorn 
1279,Your Price $6.29 each,Kettle Foods Kettle Chips Honey Dijon - 7.5 OZ,($0.84 / Ounce),cookies-snacks-candy,"('Kettle Foods Kettle Chips Honey Dijon ', ' 7.5 OZ')",True, 7.5 OZ,Kettle Foods Kettle Chips Honey Dijon 
1280,Your Price $14.99 each,Quaker Rice Crisps Assorted 14 Count - 11.1 Oz,($1.35 / Ounce),cookies-snacks-candy,"('Quaker Rice Crisps Assorted 14 Count ', ' 11.1 Oz')",True, 11.1 Oz,Quaker Rice Crisps Assorted 14 Count 
1281,Your Price $2.29 each,Utz Honey BBQ Potato Chips - 2.75 Oz,($0.83 / Ounce),cookies-snacks-candy,"('Utz Honey BBQ Potato Chips ', ' 2.75 Oz')",True, 2.75 Oz,Utz Honey BBQ Potato Chips 
1282,Your Price $4.79 each,Smartfood Popcorn White Cheddar - 6.75 Oz,($0.71 / Ounce),cookies-snacks-candy,"('Smartfood Popcorn White Cheddar ', ' 6.75 Oz')",True, 6.75 Oz,Smartfood Popcorn White Cheddar 
1283,Your Price $4.79 each,Smartfood Popcorn Caramel & Cheddar Mix - 7 Oz,($0.68 / Ounce),cookies-snacks-candy,"('Smartfood Popcorn Caramel & Cheddar Mix ', ' 7 Oz')",True, 7 Oz,Smartfood Popcorn Caramel & Cheddar Mix 
1284,Your Price $8.99 each,Pop Secret Microwave Popcorn Home Style - 38.4 Oz,($0.23 / Ounce),cookies-snacks-candy,"('Pop Secret Microwave Popcorn Home Style ', ' 38.4 Oz')",True, 38.4 Oz,Pop Secret Microwave Popcorn Home Style 
1285,Your Price $4.99 each,Angie's BOOMCHICKAPOP Sea Salt Popcorn - 4.8 Oz,($1.04 / Ounce),cookies-snacks-candy,"(""Angie's BOOMCHICKAPOP Sea Salt Popcorn "", ' 4.8 Oz')",True, 4.8 Oz,Angie's BOOMCHICKAPOP Sea Salt Popcorn 
1286,Your Price $4.99 each,Act II Butter Lovers Microwave Popcorn - 6-2.75 Oz,($0.30 / Ounce),cookies-snacks-candy,"('Act II Butter Lovers Microwave Popcorn  ', '6-2.75 Oz')",True,6-2.75 Oz,Act II Butter Lovers Microwave Popcorn  
1287,Your Price $4.99 each,Angie's BOOMCHICKAPOP Light Kettle Corn Popcorn - 5 Oz,($1.00 / Ounce),cookies-snacks-candy,"(""Angie's BOOMCHICKAPOP Light Kettle Corn Popcorn "", ' 5 Oz')",True, 5 Oz,Angie's BOOMCHICKAPOP Light Kettle Corn Popcorn 
1288,Your Price $6.99 each,SkinnyPop Original Popcorn - 6.7 Oz,($1.04 / Ounce),cookies-snacks-candy,"('SkinnyPop Original Popcorn ', ' 6.7 Oz')",True, 6.7 Oz,SkinnyPop Original Popcorn 
1289,Your Price $3.99 each,Orville Redenbacher's Butter Popcorn Classic Bag - 3 Count,($1.33 / Count),cookies-snacks-candy,"(""Orville Redenbacher's Butter Popcorn Classic Bag "", ' 3 Count')",True, 3 Count,Orville Redenbacher's Butter Popcorn Classic Bag 
1290,Your Price $5.49 each,SkinnyPop Original Popcorn - 4.4 Oz,($1.25 / Ounce),cookies-snacks-candy,"('SkinnyPop Original Popcorn ', ' 4.4 Oz')",True, 4.4 Oz,SkinnyPop Original Popcorn 
1291,Your Price $4.79 each,Smartfood Popcorn Kettle Corn - 7.75 Oz,($0.62 / Ounce),cookies-snacks-candy,"('Smartfood Popcorn Kettle Corn ', ' 7.75 Oz')",True, 7.75 Oz,Smartfood Popcorn Kettle Corn 
1292,Your Price $2.99 each,Quaker Rice Cakes Gluten Free White Cheddar - 5.5 Oz,($0.54 / Ounce),cookies-snacks-candy,"('Quaker Rice Cakes Gluten Free White Cheddar ', ' 5.5 Oz')",True, 5.5 Oz,Quaker Rice Cakes Gluten Free White Cheddar 
1293,Your Price $6.49 each,Quaker Popped Rice Crisps Gluten Free Caramel - 7.04 Oz,($0.92 / Ounce),cookies-snacks-candy,"('Quaker Popped Rice Crisps Gluten Free Caramel ', ' 7.04 Oz')",True, 7.04 Oz,Quaker Popped Rice Crisps Gluten Free Caramel 
1294,Your Price $7.99 each,Pop Secret Popcorn Microwave Premium Butter - 12 Count,($0.60 / Ounce),cookies-snacks-candy,"('Pop Secret Popcorn Microwave Premium Butter ', ' 12 Count')",True, 12 Count,Pop Secret Popcorn Microwave Premium Butter 
1295,Your Price $5.49 each,SkinnyPop White Cheddar Dairy Free Popcorn - 4.4 Oz,($1.25 / Ounce),cookies-snacks-candy,"('SkinnyPop White Cheddar Dairy Free Popcorn ', ' 4.4 Oz')",True, 4.4 Oz,SkinnyPop White Cheddar Dairy Free Popcorn 
1296,Your Price $5.49 each,SkinnyPop Butter Popcorn - 4.4 Oz,($1.25 / Ounce),cookies-snacks-candy,"('SkinnyPop Butter Popcorn ', ' 4.4 Oz')",True, 4.4 Oz,SkinnyPop Butter Popcorn 
1297,Your Price $4.99 each,Act II Xtreme Butter Microwave Popcorn - 6-2.75 Oz,($0.30 / Ounce),cookies-snacks-candy,"('Act II Xtreme Butter Microwave Popcorn  ', '6-2.75 Oz')",True,6-2.75 Oz,Act II Xtreme Butter Microwave Popcorn  
1298,Your Price $9.99 each,Haribo Gold-Bears Gummi Candy - 28.8 Oz,($0.35 / Ounce),cookies-snacks-candy,"('Haribo Gold Bears Gummi Candy', '28.8 Oz')",True,28.8 Oz,Haribo Gold Bears Gummi Candy
1299,Your Price $8.99 each,Skittles Original Chewy Candy Family Size Bag - 27.5 Oz,($0.33 / Ounce),cookies-snacks-candy,"('Skittles Original Chewy Candy Family Size Bag ', ' 27.5 Oz')",True, 27.5 Oz,Skittles Original Chewy Candy Family Size Bag 
1300,Your Price $3.50 each,Nerds Rainbow Gummy Clusters - 8 Oz,($0.44 / Ounce),cookies-snacks-candy,"('Nerds Rainbow Gummy Clusters ', ' 8 Oz')",True, 8 Oz,Nerds Rainbow Gummy Clusters 
1301,Your Price $3.99 each,Skittles Original Chewy Candy Sharing Size Bag - 15.6 Oz,($0.26 / Ounce),cookies-snacks-candy,"('Skittles Original Chewy Candy Sharing Size Bag ', ' 15.6 Oz')",True, 15.6 Oz,Skittles Original Chewy Candy Sharing Size Bag 
1302,Your Price $5.49 each,Hi Chew Original Mix - 12.7 Oz,($0.43 / Ounce),cookies-snacks-candy,"('Hi Chew Original Mix ', ' 12.7 Oz')",True, 12.7 Oz,Hi Chew Original Mix 
1303,Your Price $3.50 each,SweeTarts Tangy Candy Mini Chewy Pouch - 12 Oz,($0.29 / Ounce),cookies-snacks-candy,"('SweeTarts Tangy Candy Mini Chewy Pouch ', ' 12 Oz')",True, 12 Oz,SweeTarts Tangy Candy Mini Chewy Pouch 
1304,Your Price $3.99 each,Red Vines Twists Candy Red Licorice Resealable Bag - 16 Oz,($0.25 / Ounce),cookies-snacks-candy,"('Red Vines Twists Candy Red Licorice Resealable Bag ', ' 16 Oz')",True, 16 Oz,Red Vines Twists Candy Red Licorice Resealable Bag 
1305,Your Price $2.49 each,Haribo Gold-Bears Gummi Candy Original - 5 Oz,($0.50 / Ounce),cookies-snacks-candy,"('Haribo Gold Bears Gummi Candy Original', '5 Oz')",True,5 Oz,Haribo Gold Bears Gummi Candy Original
1306,Your Price $3.49 each,Sour Punch Bites Chewy Candy Rad Reds Resealable Bag - 9 Oz,($0.39 / Ounce),cookies-snacks-candy,"('Sour Punch Bites Chewy Candy Rad Reds Resealable Bag ', ' 9 Oz')",True, 9 Oz,Sour Punch Bites Chewy Candy Rad Reds Resealable Bag 
1307,Your Price $3.49 each,Mamba Magic Sticks Peg Bag - 6.3 OZ,($0.55 / Ounce),cookies-snacks-candy,"('Mamba Magic Sticks Peg Bag ', ' 6.3 OZ')",True, 6.3 OZ,Mamba Magic Sticks Peg Bag 
1308,Your Price $4.79 each,Twizzlers Candy Twists Strawberry - 32 Oz,($0.15 / Ounce),cookies-snacks-candy,"('Twizzlers Candy Twists Strawberry ', ' 32 Oz')",True, 32 Oz,Twizzlers Candy Twists Strawberry 
1309,Your Price $5.29 each,Nerds Gummy Cluster Very Berry 8 Ounce Sub - 8 Oz,($0.66 / Ounce),cookies-snacks-candy,"('Nerds Gummy Cluster Very Berry 8 Ounce Sub ', ' 8 Oz')",True, 8 Oz,Nerds Gummy Cluster Very Berry 8 Ounce Sub 
1310,Your Price $3.79 each,Tootsie Roll Chocolatey Chewy Midgees Bag - 15 Oz,($0.25 / Ounce),cookies-snacks-candy,"('Tootsie Roll Chocolatey Chewy Midgees Bag ', ' 15 Oz')",True, 15 Oz,Tootsie Roll Chocolatey Chewy Midgees Bag 
1311,Your Price $3.50 each,Twizzlers Candy Pull N Peel Cherry - 14 Oz,($0.25 / Ounce),cookies-snacks-candy,"('Twizzlers Candy Pull N Peel Cherry ', ' 14 Oz')",True, 14 Oz,Twizzlers Candy Pull N Peel Cherry 
1312,Your Price $5.99 each,Jelly Belly Jelly Beans 40 Flavors - 9 Oz,($0.67 / Ounce),cookies-snacks-candy,"('Jelly Belly Jelly Beans 40 Flavors ', ' 9 Oz')",True, 9 Oz,Jelly Belly Jelly Beans 40 Flavors 
1313,Your Price $1.99 each,Mike And Ike Original Fruits Chewy Candy - 5 Oz,($0.40 / Ounce),cookies-snacks-candy,"('Mike And Ike Original Fruits Chewy Candy ', ' 5 Oz')",True, 5 Oz,Mike And Ike Original Fruits Chewy Candy 
1314,Your Price $1.00 each,Skittles Original Chewy Candy Full Size Bag - 2.17 Oz,($0.46 / Ounce),cookies-snacks-candy,"('Skittles Original Chewy Candy Full Size Bag ', ' 2.17 Oz')",True, 2.17 Oz,Skittles Original Chewy Candy Full Size Bag 
1315,Your Price $2.79 each,Nerds Clusters Sharepack - 3 OZ,($0.93 / Ounce),cookies-snacks-candy,"('Nerds Clusters Sharepack ', ' 3 OZ')",True, 3 OZ,Nerds Clusters Sharepack 
1316,Your Price $4.99 each,JOLLY RANCHER Assorted Fruit Flavored Hard Candy Bag - 14 Oz,($0.36 / Ounce),cookies-snacks-candy,"('JOLLY RANCHER Assorted Fruit Flavored Hard Candy Bag ', ' 14 Oz')",True, 14 Oz,JOLLY RANCHER Assorted Fruit Flavored Hard Candy Bag 
1317,Your Price $2.99 each,Trolli Sour Brite Crwlrs Peg - 7.2 Oz,($0.42 / Ounce),cookies-snacks-candy,"('Trolli Sour Brite Crwlrs Peg ', ' 7.2 Oz')",True, 7.2 Oz,Trolli Sour Brite Crwlrs Peg 
1318,Your Price $2.99 each,Haribo Sour Goldbears - 7 Oz,($0.43 / Ounce),cookies-snacks-candy,"('Haribo Sour Goldbears ', ' 7 Oz')",True, 7 Oz,Haribo Sour Goldbears 
1319,Your Price $4.29 each,Sour Patch Kids Soft Candy Big Bag Fat Free - 12 OZ,($0.36 / Ounce),cookies-snacks-candy,"('Sour Patch Kids Soft Candy Big Bag Fat Free ', ' 12 OZ')",True, 12 OZ,Sour Patch Kids Soft Candy Big Bag Fat Free 
1320,Your Price $3.99 each,Skittles Gummies Sharing Size - 12 OZ,($0.33 / Ounce),cookies-snacks-candy,"('Skittles Gummies Sharing Size ', ' 12 OZ')",True, 12 OZ,Skittles Gummies Sharing Size 
1321,Your Price $1.99 each,Nerds Candy Rainbow Video Box - 5 Oz,($0.40 / Ounce),cookies-snacks-candy,"('Nerds Candy Rainbow Video Box ', ' 5 Oz')",True, 5 Oz,Nerds Candy Rainbow Video Box 
1322,Your Price $3.79 each,Tootsie Pops Assorted Lollipops Bag - 10.125 Oz,($0.30 / Ounce),cookies-snacks-candy,"('Tootsie Pops Assorted Lollipops Bag ', ' 10.125 Oz')",True, 10.125 Oz,Tootsie Pops Assorted Lollipops Bag 
1323,Your Price $2.99 each,Werther's Original Hard Caramel Candy - 5.5 Oz,($0.54 / Ounce),cookies-snacks-candy,"(""Werther's Original Hard Caramel Candy "", ' 5.5 Oz')",True, 5.5 Oz,Werther's Original Hard Caramel Candy 
1324,Your Price $1.99 each,Hot Tamales Fierce Cinnamon Chewy Candy - 5 Oz,($0.40 / Ounce),cookies-snacks-candy,"('Hot Tamales Fierce Cinnamon Chewy Candy ', ' 5 Oz')",True, 5 Oz,Hot Tamales Fierce Cinnamon Chewy Candy 
1325,Your Price $2.49 each,Albanese Assorted Gummy Pieces - 7.5 Oz,($0.33 / Ounce),cookies-snacks-candy,"('Albanese Assorted Gummy Pieces ', ' 7.5 Oz')",True, 7.5 Oz,Albanese Assorted Gummy Pieces 
1326,Your Price $4.99 each,TOSTITOS Salsa Con Queso Medium - 15 Oz,($0.33 / Ounce),cookies-snacks-candy,"('TOSTITOS Salsa Con Queso Medium ', ' 15 Oz')",True, 15 Oz,TOSTITOS Salsa Con Queso Medium 
1327,Your Price $3.49 each,Pace Salsa Restaurant Style Original Medium Jar - 16 Oz,($0.22 / Ounce),cookies-snacks-candy,"('Pace Salsa Restaurant Style Original Medium Jar ', ' 16 Oz')",True, 16 Oz,Pace Salsa Restaurant Style Original Medium Jar 
1328,Your Price $4.99 each,TOSTITOS Dip Queso Blanco Medium - 15 Oz,($0.33 / Ounce),cookies-snacks-candy,"('TOSTITOS Dip Queso Blanco Medium ', ' 15 Oz')",True, 15 Oz,TOSTITOS Dip Queso Blanco Medium 
1329,Your Price $3.49 each,Pace Salsa Restaurant Style Mild Recipe - 16 Oz,($0.22 / Ounce),cookies-snacks-candy,"('Pace Salsa Restaurant Style Mild Recipe ', ' 16 Oz')",True, 16 Oz,Pace Salsa Restaurant Style Mild Recipe 
1330,Your Price $5.99 each,TOSTITOS Salsa Con Queso Medium - 23 Oz,($0.26 / Ounce),cookies-snacks-candy,"('TOSTITOS Salsa Con Queso Medium ', ' 23 Oz')",True, 23 Oz,TOSTITOS Salsa Con Queso Medium 
1331,Your Price $3.49 each,Pace Salsa Chunky Mild Jar - 16 Oz,($0.22 / Ounce),cookies-snacks-candy,"('Pace Salsa Chunky Mild Jar ', ' 16 Oz')",True, 16 Oz,Pace Salsa Chunky Mild Jar 
1332,Your Price $3.79 each,Frito Lay Dip Bean Original Flavor - 9 Oz,($0.42 / Ounce),cookies-snacks-candy,"('Frito Lay Dip Bean Original Flavor ', ' 9 Oz')",True, 9 Oz,Frito Lay Dip Bean Original Flavor 
1333,Your Price $4.99 each,TOSTITOS Salsa Chunky Medium - 15.5 Oz,($0.32 / Ounce),cookies-snacks-candy,"('TOSTITOS Salsa Chunky Medium ', ' 15.5 Oz')",True, 15.5 Oz,TOSTITOS Salsa Chunky Medium 
1334,Your Price $4.99 each,Lays Dip French Onion - 15 Oz,($0.33 / Ounce),cookies-snacks-candy,"('Lays Dip French Onion ', ' 15 Oz')",True, 15 Oz,Lays Dip French Onion 
1335,Your Price $3.49 each,Pace Sauce Picante The Original Hot Jar - 16 Oz,($0.22 / Ounce),cookies-snacks-candy,"('Pace Sauce Picante The Original Hot Jar ', ' 16 Oz')",True, 16 Oz,Pace Sauce Picante The Original Hot Jar 
1336,Your Price $4.99 each,Lays Dip Smooth Ranch - 15 Oz,($0.33 / Ounce),cookies-snacks-candy,"('Lays Dip Smooth Ranch ', ' 15 Oz')",True, 15 Oz,Lays Dip Smooth Ranch 
1337,Your Price $3.49 each,Pace Salsa Chunky Medium Jar - 16 Oz,($0.22 / Ounce),cookies-snacks-candy,"('Pace Salsa Chunky Medium Jar ', ' 16 Oz')",True, 16 Oz,Pace Salsa Chunky Medium Jar 
1338,Your Price $4.99 each,TOSTITOS Salsa Chunky Mild - 15.5 Oz,($0.32 / Ounce),cookies-snacks-candy,"('TOSTITOS Salsa Chunky Mild ', ' 15.5 Oz')",True, 15.5 Oz,TOSTITOS Salsa Chunky Mild 
1339,Your Price $3.79 each,Frito Lay Dip Flavored Cheese Jalapeno Cheddar - 9 Oz,($0.42 / Ounce),cookies-snacks-candy,"('Frito Lay Dip Flavored Cheese Jalapeno Cheddar ', ' 9 Oz')",True, 9 Oz,Frito Lay Dip Flavored Cheese Jalapeno Cheddar 
1340,Your Price $6.99 each,Signature SELECT Salsa Chunky Classic Medium Jug - 70 Oz,($0.10 / Ounce),cookies-snacks-candy,"('Signature SELECT Salsa Chunky Classic Medium Jug ', ' 70 Oz')",True, 70 Oz,Signature SELECT Salsa Chunky Classic Medium Jug 
1341,Your Price $3.99 each,Pace Salsa Chunky Medium Jar - 24 Oz,($0.17 / Ounce),cookies-snacks-candy,"('Pace Salsa Chunky Medium Jar ', ' 24 Oz')",True, 24 Oz,Pace Salsa Chunky Medium Jar 
1342,Your Price $3.49 each,Signature SELECT Salsa Peach-Pineapple Medium Jar - 24 Oz,($0.15 / Ounce),cookies-snacks-candy,"('Signature SELECT Salsa Peach Pineapple Medium Jar', '24 Oz')",True,24 Oz,Signature SELECT Salsa Peach Pineapple Medium Jar
1343,Your Price $6.49 each,Signature Cafe Medium Salsa Fresca - 32 Oz.,($0.20 / Ounce),cookies-snacks-candy,"('Signature Cafe Medium Salsa Fresca ', ' 32 Oz.')",True, 32 Oz.,Signature Cafe Medium Salsa Fresca 
1344,Your Price $4.99 each,TOSTITOS Salsa Chunky Habanero Hot - 15.5 Oz,($0.32 / Ounce),cookies-snacks-candy,"('TOSTITOS Salsa Chunky Habanero Hot ', ' 15.5 Oz')",True, 15.5 Oz,TOSTITOS Salsa Chunky Habanero Hot 
1345,Your Price $3.79 each,Frito Lay Dip Hot Bean with Jalapeno Peppers - 9 Oz,($0.42 / Ounce),cookies-snacks-candy,"('Frito Lay Dip Hot Bean with Jalapeno Peppers ', ' 9 Oz')",True, 9 Oz,Frito Lay Dip Hot Bean with Jalapeno Peppers 
1346,Your Price $3.49 each,Pace Sauce Picante The Original Mild Jar - 16 Oz,($0.22 / Ounce),cookies-snacks-candy,"('Pace Sauce Picante The Original Mild Jar ', ' 16 Oz')",True, 16 Oz,Pace Sauce Picante The Original Mild Jar 
1347,Your Price $4.99 each,TOSTITOS Salsa Restaurant Style Medium - 15.5 Oz,($0.32 / Ounce),cookies-snacks-candy,"('TOSTITOS Salsa Restaurant Style Medium ', ' 15.5 Oz')",True, 15.5 Oz,TOSTITOS Salsa Restaurant Style Medium 
1348,Your Price $3.99 each,Pace Sauce Picante The Original Medium Jar - 24 Oz,($0.17 / Ounce),cookies-snacks-candy,"('Pace Sauce Picante The Original Medium Jar ', ' 24 Oz')",True, 24 Oz,Pace Sauce Picante The Original Medium Jar 
1349,Your Price $3.79 each,Frito Lay Dip Flavored Cheese Mild Cheddar - 9 Oz,($0.42 / Ounce),cookies-snacks-candy,"('Frito Lay Dip Flavored Cheese Mild Cheddar ', ' 9 Oz')",True, 9 Oz,Frito Lay Dip Flavored Cheese Mild Cheddar 
1350,Your Price $3.49 each,Pace Sauce Picante The Original Medium Jar - 16 Oz,($0.22 / Ounce),cookies-snacks-candy,"('Pace Sauce Picante The Original Medium Jar ', ' 16 Oz')",True, 16 Oz,Pace Sauce Picante The Original Medium Jar 
1351,Your Price $3.49 each,Signature Cafe Medium Salsa Fresca - 16 Oz.,($0.22 / Ounce),cookies-snacks-candy,"('Signature Cafe Medium Salsa Fresca ', ' 16 Oz.')",True, 16 Oz.,Signature Cafe Medium Salsa Fresca 
1352,Your Price $5.99 each,TOSTITOS Salsa Chunky Mild - 24 Oz,($0.25 / Ounce),cookies-snacks-candy,"('TOSTITOS Salsa Chunky Mild ', ' 24 Oz')",True, 24 Oz,TOSTITOS Salsa Chunky Mild 
1353,Your Price $5.99 each,Mateos Gourmet Salsa Medium Jar - 16 Oz,($0.37 / Ounce),cookies-snacks-candy,"('Mateos Gourmet Salsa Medium Jar ', ' 16 Oz')",True, 16 Oz,Mateos Gourmet Salsa Medium Jar 
1354,Your Price $6.49 each,Signature Cafe Salsa Fresca Mild - 32 Oz,($0.20 / Ounce),cookies-snacks-candy,"('Signature Cafe Salsa Fresca Mild ', ' 32 Oz')",True, 32 Oz,Signature Cafe Salsa Fresca Mild 
1355,Your Price $5.99 each,Mateos Gourmet Salsa Hot Jar - 16 Oz,($0.37 / Ounce),cookies-snacks-candy,"('Mateos Gourmet Salsa Hot Jar ', ' 16 Oz')",True, 16 Oz,Mateos Gourmet Salsa Hot Jar 
1356,Your Price $3.49 each,Signature SELECT Salsa Chunky Classic Medium Jar - 24 Oz,($0.15 / Ounce),cookies-snacks-candy,"('Signature SELECT Salsa Chunky Classic Medium Jar ', ' 24 Oz')",True, 24 Oz,Signature SELECT Salsa Chunky Classic Medium Jar 
1357,Your Price $3.99 each,Pace Salsa Chunky Mild Jar - 24 Oz,($0.17 / Ounce),cookies-snacks-candy,"('Pace Salsa Chunky Mild Jar ', ' 24 Oz')",True, 24 Oz,Pace Salsa Chunky Mild Jar 
1358,Your Price $9.99 each,Signature SELECT Trail Mix Mountain Mix - 32 Oz,($0.31 / Ounce),cookies-snacks-candy,"('Signature SELECT Trail Mix Mountain Mix ', ' 32 Oz')",True, 32 Oz,Signature SELECT Trail Mix Mountain Mix 
1359,Your Price $5.99 each,Planters NUT-rition Heart Healthy Mix - 9.75 Oz,($0.61 / Ounce),cookies-snacks-candy,"('Planters NUT rition Heart Healthy Mix', '9.75 Oz')",True,9.75 Oz,Planters NUT rition Heart Healthy Mix
1360,Your Price $14.99 each,Signature SELECT Mixed Nuts Deluxe Value Size - 36.4 Oz,($0.41 / Ounce),cookies-snacks-candy,"('Signature SELECT Mixed Nuts Deluxe Value Size ', ' 36.4 Oz')",True, 36.4 Oz,Signature SELECT Mixed Nuts Deluxe Value Size 
1361,Your Price $2.50 each,Planters Peanuts Dry Roasted Lightly Salted - 16 Oz,($0.16 / Ounce),cookies-snacks-candy,"('Planters Peanuts Dry Roasted Lightly Salted ', ' 16 Oz')",True, 16 Oz,Planters Peanuts Dry Roasted Lightly Salted 
1362,Your Price $9.99 each,Signature SELECT Trail Mix Caramel Cashew - 33 Oz,($0.30 / Ounce),cookies-snacks-candy,"('Signature SELECT Trail Mix Caramel Cashew ', ' 33 Oz')",True, 33 Oz,Signature SELECT Trail Mix Caramel Cashew 
1363,Your Price $4.99 each,Planters Cashews Halves & Pieces Lightly Salted - 8 Oz,($0.62 / Ounce),cookies-snacks-candy,"('Planters Cashews Halves & Pieces Lightly Salted ', ' 8 Oz')",True, 8 Oz,Planters Cashews Halves & Pieces Lightly Salted 
1364,Your Price $9.99 each,Signature SELECT Trail Mix Cranberry Cashew Almond - 30 Oz,($0.33 / Ounce),cookies-snacks-candy,"('Signature SELECT Trail Mix Cranberry Cashew Almond ', ' 30 Oz')",True, 30 Oz,Signature SELECT Trail Mix Cranberry Cashew Almond 
1365,Your Price $12.49 each,Signature SELECT Mixed Nuts With Peanuts - 28 Oz,($0.45 / Ounce),cookies-snacks-candy,"('Signature SELECT Mixed Nuts With Peanuts ', ' 28 Oz')",True, 28 Oz,Signature SELECT Mixed Nuts With Peanuts 
1366,Your Price $14.99 each,Signature SELECT Cashews Whole Roasted & Salted - 36.4 Oz,($0.41 / Ounce),cookies-snacks-candy,"('Signature SELECT Cashews Whole Roasted & Salted ', ' 36.4 Oz')",True, 36.4 Oz,Signature SELECT Cashews Whole Roasted & Salted 
1367,Your Price $2.50 each,Planters Peanuts Cocktail - 16 Oz,($0.16 / Ounce),cookies-snacks-candy,"('Planters Peanuts Cocktail ', ' 16 Oz')",True, 16 Oz,Planters Peanuts Cocktail 
1368,Your Price $10.99 each,Blue Diamond Almonds Lightly Salted Low Sodium - 16 Oz,($0.69 / Ounce),cookies-snacks-candy,"('Blue Diamond Almonds Lightly Salted Low Sodium ', ' 16 Oz')",True, 16 Oz,Blue Diamond Almonds Lightly Salted Low Sodium 
1369,Your Price $8.99 each,Planters Deluxe Cashews Whole - 18.25 Oz,($0.49 / Ounce),cookies-snacks-candy,"('Planters Deluxe Cashews Whole ', ' 18.25 Oz')",True, 18.25 Oz,Planters Deluxe Cashews Whole 
1370,Your Price $18.99 each,Planters Deluxe Pistachio Mix - 14.5 Oz,($1.31 / Ounce),cookies-snacks-candy,"('Planters Deluxe Pistachio Mix ', ' 14.5 Oz')",True, 14.5 Oz,Planters Deluxe Pistachio Mix 
1371,Your Price $8.99 each,Planters Deluxe Mixed Nuts - 15.25 Oz,($0.59 / Ounce),cookies-snacks-candy,"('Planters Deluxe Mixed Nuts ', ' 15.25 Oz')",True, 15.25 Oz,Planters Deluxe Mixed Nuts 
1372,Your Price $9.99 each,Signature SELECT Trail Mix Peanut Lovers Mountain - 30 Oz,($0.33 / Ounce),cookies-snacks-candy,"('Signature SELECT Trail Mix Peanut Lovers Mountain ', ' 30 Oz')",True, 30 Oz,Signature SELECT Trail Mix Peanut Lovers Mountain 
1373,Your Price $9.99 each,Signature SELECT Chili Crunch Sweet & Salty - 26 Oz,($0.38 / Ounce),cookies-snacks-candy,"('Signature SELECT Chili Crunch Sweet & Salty ', ' 26 Oz')",True, 26 Oz,Signature SELECT Chili Crunch Sweet & Salty 
1374,Your Price $23.99 each,Planters Delux Mixed Nuts - Each,($0.71 / Ounce),cookies-snacks-candy,"('Planters Delux Mixed Nuts ', ' Each')",True, Each,Planters Delux Mixed Nuts 
1375,Your Price $2.50 each,Planters Peanuts Dry Roasted Honey Roasted - 16 Oz,($0.16 / Ounce),cookies-snacks-candy,"('Planters Peanuts Dry Roasted Honey Roasted ', ' 16 Oz')",True, 16 Oz,Planters Peanuts Dry Roasted Honey Roasted 
1376,Your Price $2.50 each,Planters Snack Nuts Sweet And Spicy - 16 OZ,($0.16 / Ounce),cookies-snacks-candy,"('Planters Snack Nuts Sweet And Spicy ', ' 16 OZ')",True, 16 OZ,Planters Snack Nuts Sweet And Spicy 
1377,Your Price $5.99 each,Planters NUT-rition Nut Mix Wholesome - 9.75 Oz,($0.61 / Ounce),cookies-snacks-candy,"('Planters NUT rition Nut Mix Wholesome', '9.75 Oz')",True,9.75 Oz,Planters NUT rition Nut Mix Wholesome
1378,Your Price $10.99 each,Blue Diamond Almonds Whole Natural - 16 Oz,($0.69 / Ounce),cookies-snacks-candy,"('Blue Diamond Almonds Whole Natural ', ' 16 Oz')",True, 16 Oz,Blue Diamond Almonds Whole Natural 
1379,Your Price $4.99 each,Planters Mixed Nuts Lightly Salted - 10.3 Oz,($0.48 / Ounce),cookies-snacks-candy,"('Planters Mixed Nuts Lightly Salted ', ' 10.3 Oz')",True, 10.3 Oz,Planters Mixed Nuts Lightly Salted 
1380,Your Price $9.99 each,Signature SELECT Pea Mix Spicy Wasabi - 23 Oz,($0.43 / Ounce),cookies-snacks-candy,"('Signature SELECT Pea Mix Spicy Wasabi ', ' 23 Oz')",True, 23 Oz,Signature SELECT Pea Mix Spicy Wasabi 
1381,Your Price $2.79 each,Sahale Snacks Sahale Maple Pecan - 1.5 OZ,($1.86 / Ounce),cookies-snacks-candy,"('Sahale Snacks Sahale Maple Pecan ', ' 1.5 OZ')",True, 1.5 OZ,Sahale Snacks Sahale Maple Pecan 
1382,Your Price $1.79 each,O Organics Cashew Roasted W/sea Salt - 1.5 OZ,($1.19 / Ounce),cookies-snacks-candy,"('O Organics Cashew Roasted W/sea Salt ', ' 1.5 OZ')",True, 1.5 OZ,O Organics Cashew Roasted W/sea Salt 
1383,Your Price $13.49 each,Sweet N Salty 24pk/1.25oz 2ct - 1.875 LB,($0.45 / Ounce),cookies-snacks-candy,"('Sweet N Salty 24pk/1.25oz 2ct ', ' 1.875 LB')",True, 1.875 LB,Sweet N Salty 24pk/1.25oz 2ct 
1384,Your Price $2.50 each,Planters Peanuts Dry Roasted - 16 Oz,($0.16 / Ounce),cookies-snacks-candy,"('Planters Peanuts Dry Roasted ', ' 16 Oz')",True, 16 Oz,Planters Peanuts Dry Roasted 
1385,Your Price $8.99 each,Southern Styl Hny Rstd Hunter Mix - Each,($0.39 / Ounce),cookies-snacks-candy,"('Southern Styl Hny Rstd Hunter Mix ', ' Each')",True, Each,Southern Styl Hny Rstd Hunter Mix 
1386,Your Price $10.99 each,Blue Diamond Almonds Smokehouse - 16 Oz,($0.69 / Ounce),cookies-snacks-candy,"('Blue Diamond Almonds Smokehouse ', ' 16 Oz')",True, 16 Oz,Blue Diamond Almonds Smokehouse 
1387,Your Price $19.99 each,Tillamook Country Smoker Meat Sticks Pepperoni - 15.2 Oz,($1.00 / Count),cookies-snacks-candy,"('Tillamook Country Smoker Meat Sticks Pepperoni ', ' 15.2 Oz')",True, 15.2 Oz,Tillamook Country Smoker Meat Sticks Pepperoni 
1388,Your Price $7.99 each,Jack Links Beef Jerky Hickory Smoked - 2.85 Oz,($2.80 / Ounce),cookies-snacks-candy,"('Jack Links Beef Jerky Hickory Smoked ', ' 2.85 Oz')",True, 2.85 Oz,Jack Links Beef Jerky Hickory Smoked 
1389,Your Price $12.49 each,Old Trapper Beef Stick Deli Style Original - 15 Oz,($0.83 / Ounce),cookies-snacks-candy,"('Old Trapper Beef Stick Deli Style Original ', ' 15 Oz')",True, 15 Oz,Old Trapper Beef Stick Deli Style Original 
1390,Your Price $14.99 each,Jack Links Beef Jerky Peppered Mega Pack - 8 Oz,($1.87 / Ounce),cookies-snacks-candy,"('Jack Links Beef Jerky Peppered Mega Pack ', ' 8 Oz')",True, 8 Oz,Jack Links Beef Jerky Peppered Mega Pack 
1391,Your Price $16.99 each,Old Trapper Beef Jerky Old Fashioned - 10 Oz,($1.70 / Ounce),cookies-snacks-candy,"('Old Trapper Beef Jerky Old Fashioned ', ' 10 Oz')",True, 10 Oz,Old Trapper Beef Jerky Old Fashioned 
1392,Your Price $14.99 each,Jack Links Jerky Beef Sweet & Hot Jumbo Bag - 8 Oz,($1.87 / Ounce),cookies-snacks-candy,"('Jack Links Jerky Beef Sweet & Hot Jumbo Bag ', ' 8 Oz')",True, 8 Oz,Jack Links Jerky Beef Sweet & Hot Jumbo Bag 
1393,Your Price $7.99 each,Jack Links Beef Steak Tender Bites Teriyaki - 2.85 Oz,($2.80 / Ounce),cookies-snacks-candy,"('Jack Links Beef Steak Tender Bites Teriyaki ', ' 2.85 Oz')",True, 2.85 Oz,Jack Links Beef Steak Tender Bites Teriyaki 
1394,Your Price $16.99 each,Tillamook Zero Sugar Original Smoked Sausage - 10 Oz,($1.70 / Ounce),cookies-snacks-candy,"('Tillamook Zero Sugar Original Smoked Sausage ', ' 10 Oz')",True, 10 Oz,Tillamook Zero Sugar Original Smoked Sausage 
1395,Your Price $14.99 each,Jack Links Beef Jerky Teriyaki Mega Pack - 8 Oz,($1.87 / Ounce),cookies-snacks-candy,"('Jack Links Beef Jerky Teriyaki Mega Pack ', ' 8 Oz')",True, 8 Oz,Jack Links Beef Jerky Teriyaki Mega Pack 
1396,Your Price $14.99 each,Jack Link's Original Beef Jerky Family Size - 8 Oz,($1.87 / Ounce),cookies-snacks-candy,"(""Jack Link's Original Beef Jerky Family Size "", ' 8 Oz')",True, 8 Oz,Jack Link's Original Beef Jerky Family Size 
1397,Your Price $15.99 each,Cattlemans Cut Original Beef Jerky - 10 Oz,($1.60 / Ounce),cookies-snacks-candy,"('Cattlemans Cut Original Beef Jerky ', ' 10 Oz')",True, 10 Oz,Cattlemans Cut Original Beef Jerky 
1398,Your Price $7.99 each,Jack Links Beef Jerky Teriyaki - 2.85 Oz,($2.80 / Ounce),cookies-snacks-candy,"('Jack Links Beef Jerky Teriyaki ', ' 2.85 Oz')",True, 2.85 Oz,Jack Links Beef Jerky Teriyaki 
1399,Your Price $7.99 each,Jack Links Beef Jerky Original - 2.85 Oz,($2.80 / Ounce),cookies-snacks-candy,"('Jack Links Beef Jerky Original ', ' 2.85 Oz')",True, 2.85 Oz,Jack Links Beef Jerky Original 
1400,Your Price $4.49 each,Cattlemans Cut Smoked Sausage Old Fashioned - 3 Oz,($0.09 / Count),cookies-snacks-candy,"('Cattlemans Cut Smoked Sausage Old Fashioned ', ' 3 Oz')",True, 3 Oz,Cattlemans Cut Smoked Sausage Old Fashioned 
1401,Your Price $7.99 each,Jack Links Beef Jerky Peppered - 2.85 Oz,($2.80 / Ounce),cookies-snacks-candy,"('Jack Links Beef Jerky Peppered ', ' 2.85 Oz')",True, 2.85 Oz,Jack Links Beef Jerky Peppered 
1402,Your Price $7.99 each,Jack Links Beef Jerky Sweet & Hot - 2.85 Oz,($2.80 / Ounce),cookies-snacks-candy,"('Jack Links Beef Jerky Sweet & Hot ', ' 2.85 Oz')",True, 2.85 Oz,Jack Links Beef Jerky Sweet & Hot 
1403,Your Price $16.99 each,Old Trapper Beef Jerky Teriyaki - 10 Oz,($1.70 / Ounce),cookies-snacks-candy,"('Old Trapper Beef Jerky Teriyaki ', ' 10 Oz')",True, 10 Oz,Old Trapper Beef Jerky Teriyaki 
1404,Your Price $10.99 each,Signature Select Beef Jerky Original Family Size - 8 Oz,($1.37 / Ounce),cookies-snacks-candy,"('Signature Select Beef Jerky Original Family Size ', ' 8 Oz')",True, 8 Oz,Signature Select Beef Jerky Original Family Size 
1405,Your Price $10.99 each,Signature Select Beef Jerky Teriyaki Family Size - 8 Oz,($1.37 / Ounce),cookies-snacks-candy,"('Signature Select Beef Jerky Teriyaki Family Size ', ' 8 Oz')",True, 8 Oz,Signature Select Beef Jerky Teriyaki Family Size 
1406,Your Price $7.99 each,Jack Links Beef Jerky Carne Seca Jalapeno - 2.85 Oz,($2.80 / Ounce),cookies-snacks-candy,"('Jack Links Beef Jerky Carne Seca Jalapeno ', ' 2.85 Oz')",True, 2.85 Oz,Jack Links Beef Jerky Carne Seca Jalapeno 
1407,Your Price $9.99 each,Tillamook Sausage Smoked Original Zero Sugar 12 Count - 4 Oz,($2.50 / Ounce),cookies-snacks-candy,"('Tillamook Sausage Smoked Original Zero Sugar 12 Count ', ' 4 Oz')",True, 4 Oz,Tillamook Sausage Smoked Original Zero Sugar 12 Count 
1408,Your Price $9.99 each,Tcs 2.2oz Zero Sugar Orig Jky - 2.2 Oz,($4.54 / Ounce),cookies-snacks-candy,"('Tcs 2.2oz Zero Sugar Orig Jky ', ' 2.2 Oz')",True, 2.2 Oz,Tcs 2.2oz Zero Sugar Orig Jky 
1409,Your Price $5.29 each,Beyond Meat Vegetable Jerky Original - 3 OZ,($1.76 / Ounce),cookies-snacks-candy,"('Beyond Meat Vegetable Jerky Original ', ' 3 OZ')",True, 3 OZ,Beyond Meat Vegetable Jerky Original 
1410,Your Price $1.99 each,Slim Jim Giant Original Flavor Smoked Meat Stick - 0.97 Oz,($2.05 / Ounce),cookies-snacks-candy,"('Slim Jim Giant Original Flavor Smoked Meat Stick ', ' 0.97 Oz')",True, 0.97 Oz,Slim Jim Giant Original Flavor Smoked Meat Stick 
1411,Your Price $5.29 each,Beyond Meat Vegetable Jerky Teriyaki - 3 OZ,($1.76 / Ounce),cookies-snacks-candy,"('Beyond Meat Vegetable Jerky Teriyaki ', ' 3 OZ')",True, 3 OZ,Beyond Meat Vegetable Jerky Teriyaki 
1412,Your Price $2.49 each,Tillamook Country Smoker Meat Sticks Teriyaki - 1.44 Oz,($1.73 / Ounce),cookies-snacks-candy,"('Tillamook Country Smoker Meat Sticks Teriyaki ', ' 1.44 Oz')",True, 1.44 Oz,Tillamook Country Smoker Meat Sticks Teriyaki 
1413,Your Price $5.99 each,Signature SELECT Beef Jerky Teriyaki - 2.85 Oz,($2.10 / Ounce),cookies-snacks-candy,"('Signature SELECT Beef Jerky Teriyaki ', ' 2.85 Oz')",True, 2.85 Oz,Signature SELECT Beef Jerky Teriyaki 
1414,Your Price $12.49 each,Old Trapper Teriyaki Deli Style Beef Sticks - 15 Oz,($0.83 / Ounce),cookies-snacks-candy,"('Old Trapper Teriyaki Deli Style Beef Sticks ', ' 15 Oz')",True, 15 Oz,Old Trapper Teriyaki Deli Style Beef Sticks 
1415,Your Price $6.99 each,Dots Homestyle Pretzels Sticks - 16.00 Oz,($0.44 / Ounce),cookies-snacks-candy,"('Dots Homestyle Pretzels Sticks ', ' 16.00 Oz')",True, 16.00 Oz,Dots Homestyle Pretzels Sticks 
1416,Your Price $3.99 each,Snack Factory Pretzel Crisps Buffalo Wing - 7.2 Oz,($0.55 / Ounce),cookies-snacks-candy,"('Snack Factory Pretzel Crisps Buffalo Wing ', ' 7.2 Oz')",True, 7.2 Oz,Snack Factory Pretzel Crisps Buffalo Wing 
1417,Your Price $3.99 each,Snyders of Hanover Mini Pretzels Familiy Size - 16 Oz,($0.25 / Ounce),cookies-snacks-candy,"('Snyders of Hanover Mini Pretzels Familiy Size ', ' 16 Oz')",True, 16 Oz,Snyders of Hanover Mini Pretzels Familiy Size 
1418,Your Price $3.69 each,ROLD GOLD Pretzels Tiny Twists Original - 16 Oz,($0.23 / Ounce),cookies-snacks-candy,"('ROLD GOLD Pretzels Tiny Twists Original ', ' 16 Oz')",True, 16 Oz,ROLD GOLD Pretzels Tiny Twists Original 
1419,Your Price $7.99 each,Snack Factory Pretzel Crisps Original - 14 Oz.,($0.57 / Ounce),cookies-snacks-candy,"('Snack Factory Pretzel Crisps Original ', ' 14 Oz.')",True, 14 Oz.,Snack Factory Pretzel Crisps Original 
1420,Your Price $3.99 each,Snyders of Hanover Pretzel Sticks Family Size - 16 Oz,($0.25 / Ounce),cookies-snacks-candy,"('Snyders of Hanover Pretzel Sticks Family Size ', ' 16 Oz')",True, 16 Oz,Snyders of Hanover Pretzel Sticks Family Size 
1421,Your Price $4.79 each,Snyders of Hanover Pretzel Hard Sourdough - 13.5 Oz,($0.35 / Ounce),cookies-snacks-candy,"('Snyders of Hanover Pretzel Hard Sourdough ', ' 13.5 Oz')",True, 13.5 Oz,Snyders of Hanover Pretzel Hard Sourdough 
1422,Your Price $3.69 each,ROLD GOLD Pretzels Sticks Original - 16 Oz,($0.23 / Ounce),cookies-snacks-candy,"('ROLD GOLD Pretzels Sticks Original ', ' 16 Oz')",True, 16 Oz,ROLD GOLD Pretzels Sticks Original 
1423,Your Price $3.99 each,Snack Factory Original Pretzel Crisps - 7.2 Oz,($0.55 / Ounce),cookies-snacks-candy,"('Snack Factory Original Pretzel Crisps ', ' 7.2 Oz')",True, 7.2 Oz,Snack Factory Original Pretzel Crisps 
1424,Your Price $6.99 each,Dots Pretzels Southwest - 16 Oz,($0.44 / Ounce),cookies-snacks-candy,"('Dots Pretzels Southwest ', ' 16 Oz')",True, 16 Oz,Dots Pretzels Southwest 
1425,Your Price $5.00 each,Signature SELECT Pretzels Filled Peanut Butter - 18 Oz,($0.28 / Ounce),cookies-snacks-candy,"('Signature SELECT Pretzels Filled Peanut Butter ', ' 18 Oz')",True, 18 Oz,Signature SELECT Pretzels Filled Peanut Butter 
1426,Your Price $3.99 each,Snyders of Hanover Pretzel Snaps Family Size - 16 Oz,($0.25 / Ounce),cookies-snacks-candy,"('Snyders of Hanover Pretzel Snaps Family Size ', ' 16 Oz')",True, 16 Oz,Snyders of Hanover Pretzel Snaps Family Size 
1427,Your Price $4.79 each,Snyders of Hanover Twisted Pretzel Sticks Seasoned - 12 Oz,($0.40 / Ounce),cookies-snacks-candy,"('Snyders of Hanover Twisted Pretzel Sticks Seasoned ', ' 12 Oz')",True, 12 Oz,Snyders of Hanover Twisted Pretzel Sticks Seasoned 
1428,Your Price $3.69 each,ROLD GOLD Pretzels Braided Honey Wheat  - 10 Oz,($0.37 / Ounce),cookies-snacks-candy,"('ROLD GOLD Pretzels Braided Honey Wheat  ', ' 10 Oz')",True, 10 Oz,ROLD GOLD Pretzels Braided Honey Wheat  
1429,Your Price $4.79 each,Snyders of Hanover Pretzel Rods - 12 Oz,($0.40 / Ounce),cookies-snacks-candy,"('Snyders of Hanover Pretzel Rods ', ' 12 Oz')",True, 12 Oz,Snyders of Hanover Pretzel Rods 
1430,Your Price $4.79 each,Snyders of Hanover Pretzel Sandwiches Cheddar Cheese - 8 Oz,($0.60 / Ounce),cookies-snacks-candy,"('Snyders of Hanover Pretzel Sandwiches Cheddar Cheese ', ' 8 Oz')",True, 8 Oz,Snyders of Hanover Pretzel Sandwiches Cheddar Cheese 
1431,Your Price $4.79 each,Snyders of Hanover Pretzel Snaps Butter - 12 Oz,($0.40 / Ounce),cookies-snacks-candy,"('Snyders of Hanover Pretzel Snaps Butter ', ' 12 Oz')",True, 12 Oz,Snyders of Hanover Pretzel Snaps Butter 
1432,Your Price $5.49 each,Snyders of Hanover Pretzel Sticks Gluten Free - 8 Oz,($0.69 / Ounce),cookies-snacks-candy,"('Snyders of Hanover Pretzel Sticks Gluten Free ', ' 8 Oz')",True, 8 Oz,Snyders of Hanover Pretzel Sticks Gluten Free 
1433,Your Price $4.79 each,Snyders of Hanover Pretzels Mini Unsalted - 12 Oz,($0.40 / Ounce),cookies-snacks-candy,"('Snyders of Hanover Pretzels Mini Unsalted ', ' 12 Oz')",True, 12 Oz,Snyders of Hanover Pretzels Mini Unsalted 
1434,Your Price $1.99 each,Utz Pretzels Extra Thins - 16 Oz,($0.12 / Ounce),cookies-snacks-candy,"('Utz Pretzels Extra Thins ', ' 16 Oz')",True, 16 Oz,Utz Pretzels Extra Thins 
1435,Your Price $2.99 each,Dots Pretzels Homestyle - 2.5 Oz,($1.20 / Ounce),cookies-snacks-candy,"('Dots Pretzels Homestyle ', ' 2.5 Oz')",True, 2.5 Oz,Dots Pretzels Homestyle 
1436,Your Price $1.99 each,Utz Pretzels Sourdough Specials Original - 16 Oz,($0.12 / Ounce),cookies-snacks-candy,"('Utz Pretzels Sourdough Specials Original ', ' 16 Oz')",True, 16 Oz,Utz Pretzels Sourdough Specials Original 
1437,Your Price $6.99 each,Signature SELECT Pretzels O Rings Barrel - 28 Oz,($0.25 / Ounce),cookies-snacks-candy,"('Signature SELECT Pretzels O Rings Barrel ', ' 28 Oz')",True, 28 Oz,Signature SELECT Pretzels O Rings Barrel 
1438,Your Price $5.99 each,Signature Select Butter And Garlic Pretzel Twirls - 16 OZ,($0.37 / Ounce),cookies-snacks-candy,"('Signature Select Butter And Garlic Pretzel Twirls ', ' 16 OZ')",True, 16 OZ,Signature Select Butter And Garlic Pretzel Twirls 
1439,Your Price $9.99 each,Assorted Chocolates - Each,($1.06 / Ounce),cookies-snacks-candy,"('Assorted Chocolates ', ' Each')",True, Each,Assorted Chocolates 
1440,Your Price $3.29 each,Brachs Cinnamon Jelly Hearts - 12 OZ,($0.27 / Ounce),cookies-snacks-candy,"('Brachs Cinnamon Jelly Hearts ', ' 12 OZ')",True, 12 OZ,Brachs Cinnamon Jelly Hearts 
1441,Your Price $6.49 each,Lindt Lindor Dark Strawberry - 8.5 OZ,($0.76 / Ounce),cookies-snacks-candy,"('Lindt Lindor Dark Strawberry ', ' 8.5 OZ')",True, 8.5 OZ,Lindt Lindor Dark Strawberry 
1442,Your Price $4.29 each,Charms Blow Pop Assorted Lollipops Bag - 10.4 Oz,($0.33 / Ounce),cookies-snacks-candy,"('Charms Blow Pop Assorted Lollipops Bag ', ' 10.4 Oz')",True, 10.4 Oz,Charms Blow Pop Assorted Lollipops Bag 
1443,Your Price $7.49 each,HERSHEY'S Kisses Milk Chocolate Candy Family Bag - 17 Oz,($0.44 / Ounce),cookies-snacks-candy,"(""HERSHEY'S Kisses Milk Chocolate Candy Family Bag "", ' 17 Oz')",True, 17 Oz,HERSHEY'S Kisses Milk Chocolate Candy Family Bag 
1444,Your Price $4.49 each,Brachs Tiny Conversation Heart - 14 OZ,($0.32 / Ounce),cookies-snacks-candy,"('Brachs Tiny Conversation Heart ', ' 14 OZ')",True, 14 OZ,Brachs Tiny Conversation Heart 
1445,Your Price $6.49 each,Hshy Val Reeses Pb Hearts 6pk - 7.2 OZ,($0.90 / Ounce),cookies-snacks-candy,"('Hshy Val Reeses Pb Hearts 6pk ', ' 7.2 OZ')",True, 7.2 OZ,Hshy Val Reeses Pb Hearts 6pk 
1446,Your Price $11.99 each,Lindor Val Strwbry/crme Bag - 15.2 OZ,($0.79 / Ounce),cookies-snacks-candy,"('Lindor Val Strwbry/crme Bag ', ' 15.2 OZ')",True, 15.2 OZ,Lindor Val Strwbry/crme Bag 
1447,Your Price $4.29 each,Smashmallow Marshmallow Toasted Vanilla - 4.5 Oz,($0.95 / Ounce),cookies-snacks-candy,"('Smashmallow Marshmallow Toasted Vanilla ', ' 4.5 Oz')",True, 4.5 Oz,Smashmallow Marshmallow Toasted Vanilla 
1448,Your Price $4.49 each,HERSHEY'S Kisses Solid Milk Chocolate Candy Gift Box - 7 Oz,($0.64 / Ounce),cookies-snacks-candy,"(""HERSHEY'S Kisses Solid Milk Chocolate Candy Gift Box "", ' 7 Oz')",True, 7 Oz,HERSHEY'S Kisses Solid Milk Chocolate Candy Gift Box 
1449,Your Price $4.49 each,HERSHEY'S Pink Cookies N Creme Hearts Candy Bag - 8.8 Oz,($0.51 / Ounce),cookies-snacks-candy,"(""HERSHEY'S Pink Cookies N Creme Hearts Candy Bag "", ' 8.8 Oz')",True, 8.8 Oz,HERSHEY'S Pink Cookies N Creme Hearts Candy Bag 
1450,Your Price $6.49 each,Val Lindor 70% Bag - 8.5 OZ,($0.76 / Ounce),cookies-snacks-candy,"('Val Lindor 70% Bag ', ' 8.5 OZ')",True, 8.5 OZ,Val Lindor 70% Bag 
1451,Your Price $19.99 each,Rstvr Choc Valentine Big Box - 20 OZ,($1.00 / Ounce),cookies-snacks-candy,"('Rstvr Choc Valentine Big Box ', ' 20 OZ')",True, 20 OZ,Rstvr Choc Valentine Big Box 
1452,Your Price $3.29 each,Brachs 12 Chocolate Caramel Creams - 12 OZ,($0.27 / Ounce),cookies-snacks-candy,"('Brachs 12 Chocolate Caramel Creams ', ' 12 OZ')",True, 12 OZ,Brachs 12 Chocolate Caramel Creams 
1453,Your Price $4.49 each,HERSHEY'S Kisses Milk Chocolate Candy Bag - 10.1 Oz,($0.44 / Ounce),cookies-snacks-candy,"(""HERSHEY'S Kisses Milk Chocolate Candy Bag "", ' 10.1 Oz')",True, 10.1 Oz,HERSHEY'S Kisses Milk Chocolate Candy Bag 
1454,Your Price $4.79 each,Lik-m-aid Fun Dip Candy Kit - 9.46 OZ,($0.51 / Ounce),cookies-snacks-candy,"('Lik maid Fun Dip Candy Kit', '9.46 OZ')",True,9.46 OZ,Lik maid Fun Dip Candy Kit
1455,Your Price $3.99 each,Sweethearts Pillow Bag - 10.5 OZ,($0.38 / Ounce),cookies-snacks-candy,"('Sweethearts Pillow Bag ', ' 10.5 OZ')",True, 10.5 OZ,Sweethearts Pillow Bag 
1456,Your Price $8.99 each,Dole Mixed Fruit Cherry In 100% Juice Box - 12-4 Oz,($0.19 / Ounce),cookies-snacks-candy,"('Dole Mixed Fruit Cherry In 100% Juice Box  ', '12-4 Oz')",True,12-4 Oz,Dole Mixed Fruit Cherry In 100% Juice Box  
1457,Your Price $10.79 each,GoGo squeeZ Applesauce Apple Apple - 12-3.2 Oz,($4.50 / Pound),cookies-snacks-candy,"('GoGo squeeZ Applesauce Apple Apple  ', '12-3.2 Oz')",True,12-3.2 Oz,GoGo squeeZ Applesauce Apple Apple  
1458,Your Price $2.99 each,Motts Applesauce Apple Unsweetened  Cups - 6-3.9 Oz,($0.13 / Ounce),cookies-snacks-candy,"('Motts Applesauce Apple Unsweetened  Cups  ', '6-3.9 Oz')",True,6-3.9 Oz,Motts Applesauce Apple Unsweetened  Cups  
1459,Your Price $8.99 each,Dole Mandarin Oranges in 100% Fruit Juice Cups - 12-4 Oz,($0.19 / Ounce),cookies-snacks-candy,"('Dole Mandarin Oranges in 100% Fruit Juice Cups  ', '12-4 Oz')",True,12-4 Oz,Dole Mandarin Oranges in 100% Fruit Juice Cups  
1460,Your Price $8.99 each,Dole Peaches Diced Yellow Cling In 100% Juice Box - 12-4 Oz,($0.19 / Ounce),cookies-snacks-candy,"('Dole Peaches Diced Yellow Cling In 100% Juice Box  ', '12-4 Oz')",True,12-4 Oz,Dole Peaches Diced Yellow Cling In 100% Juice Box  
1461,Your Price $2.99 each,Motts Applesauce Apple Cups - 6-4 Oz,($0.12 / Ounce),cookies-snacks-candy,"('Motts Applesauce Apple Cups  ', '6-4 Oz')",True,6-4 Oz,Motts Applesauce Apple Cups  
1462,Your Price $2.99 each,Motts Applesauce Cinnamon Cups - 6-4 Oz,($0.12 / Ounce),cookies-snacks-candy,"('Motts Applesauce Cinnamon Cups  ', '6-4 Oz')",True,6-4 Oz,Motts Applesauce Cinnamon Cups  
1463,Your Price $3.00 each,Dole Pineapple Tidbits in 100% Pineapple Juice Cups - 4-4 Oz,($0.19 / Ounce),cookies-snacks-candy,"('Dole Pineapple Tidbits in 100% Pineapple Juice Cups  ', '4-4 Oz')",True,4-4 Oz,Dole Pineapple Tidbits in 100% Pineapple Juice Cups  
1464,Your Price $2.99 each,Signature SELECT Peaches Diced Cups - 4-4 Oz,($0.19 / Ounce),cookies-snacks-candy,"('Signature SELECT Peaches Diced Cups  ', '4-4 Oz')",True,4-4 Oz,Signature SELECT Peaches Diced Cups  
1465,Your Price $10.79 each,GoGo squeeZ Applesauce Apple Cinnamon - 12-3.2 Oz,($0.28 / Ounce),cookies-snacks-candy,"('GoGo squeeZ Applesauce Apple Cinnamon  ', '12-3.2 Oz')",True,12-3.2 Oz,GoGo squeeZ Applesauce Apple Cinnamon  
1466,Your Price $3.00 each,Dole Peaches in Strawberry Gel Cups - 4-4.3 Oz,($0.17 / Ounce),cookies-snacks-candy,"('Dole Peaches in Strawberry Gel Cups  ', '4-4.3 Oz')",True,4-4.3 Oz,Dole Peaches in Strawberry Gel Cups  
1467,Your Price $2.99 each,Motts Applesauce Strawberry Cups - 6-4 Oz,($0.12 / Ounce),cookies-snacks-candy,"('Motts Applesauce Strawberry Cups  ', '6-4 Oz')",True,6-4 Oz,Motts Applesauce Strawberry Cups  
1468,Your Price $3.00 each,Dole Pears Diced in 100% Juice Cups - 4-4 Oz,($0.19 / Ounce),cookies-snacks-candy,"('Dole Pears Diced in 100% Juice Cups  ', '4-4 Oz')",True,4-4 Oz,Dole Pears Diced in 100% Juice Cups  
1469,Your Price $4.99 each,Outshine Pear Vanilla Smoothies - 4 - 3.5 Oz.,($0.36 / Ounce),cookies-snacks-candy,"('Outshine Pear Vanilla Smoothies  ', '4-3.5 Oz.')",True,4-3.5 Oz.,Outshine Pear Vanilla Smoothies  
1470,Your Price $7.99 each,Motts Applesauce Apple Clear Pouches - 12-3.2 Oz,($0.21 / Ounce),cookies-snacks-candy,"('Motts Applesauce Apple Clear Pouches  ', '12-3.2 Oz')",True,12-3.2 Oz,Motts Applesauce Apple Clear Pouches  
1471,Your Price $3.00 each,Dole Mandarin Oranges No Sugar Added Cups - 4-4 Oz,($0.19 / Ounce),cookies-snacks-candy,"('Dole Mandarin Oranges No Sugar Added Cups  ', '4-4 Oz')",True,4-4 Oz,Dole Mandarin Oranges No Sugar Added Cups  
1472,Your Price $2.99 each,Signature SELECT Mixed Fruit Extra Cherry Cups - 4-4 Oz,($0.19 / Ounce),cookies-snacks-candy,"('Signature SELECT Mixed Fruit Extra Cherry Cups  ', '4-4 Oz')",True,4-4 Oz,Signature SELECT Mixed Fruit Extra Cherry Cups  
1473,Your Price $10.79 each,GoGo squeeZ Applesauce Apple Strawberry - 12-3.2 Oz,($0.28 / Ounce),cookies-snacks-candy,"('GoGo squeeZ Applesauce Apple Strawberry  ', '12-3.2 Oz')",True,12-3.2 Oz,GoGo squeeZ Applesauce Apple Strawberry  
1474,Your Price $3.00 each,Dole Cherry Mixed Fruit in 100% Fruit Juice Cups - 4-4 Oz,($0.19 / Ounce),cookies-snacks-candy,"('Dole Cherry Mixed Fruit in 100% Fruit Juice Cups  ', '4-4 Oz')",True,4-4 Oz,Dole Cherry Mixed Fruit in 100% Fruit Juice Cups  
1475,Your Price $3.00 each,Dole Mixed Fruit in Black Cherry Gel Cups - 4-4.3 Oz,($0.17 / Ounce),cookies-snacks-candy,"('Dole Mixed Fruit in Black Cherry Gel Cups  ', '4-4.3 Oz')",True,4-4.3 Oz,Dole Mixed Fruit in Black Cherry Gel Cups  
1476,Your Price $2.79 each,Signature SELECT Apple Sauce Unsweetened Cups - 6-4 Oz,($0.12 / Ounce),cookies-snacks-candy,"('Signature SELECT Apple Sauce Unsweetened Cups  ', '6-4 Oz')",True,6-4 Oz,Signature SELECT Apple Sauce Unsweetened Cups  
1477,Your Price $2.99 each,Motts Applesauce Mango Peach Cups - 6-4 Oz,($0.12 / Ounce),cookies-snacks-candy,"('Motts Applesauce Mango Peach Cups  ', '6-4 Oz')",True,6-4 Oz,Motts Applesauce Mango Peach Cups  
1478,Your Price $3.00 each,Dole Mandarins in Orange Gel Cups - 4-4.3 Oz,($0.17 / Ounce),cookies-snacks-candy,"('Dole Mandarins in Orange Gel Cups  ', '4-4.3 Oz')",True,4-4.3 Oz,Dole Mandarins in Orange Gel Cups  
1479,Your Price $4.29 each,Extra Sugar Free Chewing Gum Spearmint Mega Pack - 35 Count,($0.12 / Count),cookies-snacks-candy,"('Extra Sugar Free Chewing Gum Spearmint Mega Pack ', ' 35 Count')",True, 35 Count,Extra Sugar Free Chewing Gum Spearmint Mega Pack 
1480,Your Price $9.99 each,Extra Peppermint Sugar Free Chewing Gum - 8-15 Count,($1.25 / Count),cookies-snacks-candy,"('Extra Peppermint Sugar Free Chewing Gum  ', '8-15 Count')",True,8-15 Count,Extra Peppermint Sugar Free Chewing Gum  
1481,Your Price $4.50 each,Extra Spearmint Sugar Free Chewing Gum - 3-15 Count,($0.10 / Count),cookies-snacks-candy,"('Extra Spearmint Sugar Free Chewing Gum  ', '3-15 Count')",True,3-15 Count,Extra Spearmint Sugar Free Chewing Gum  
1482,Your Price $4.50 each,Wrigleys Extra Winterfresh Gum - 45 Count,($0.10 / Count),cookies-snacks-candy,"('Wrigleys Extra Winterfresh Gum ', ' 45 Count')",True, 45 Count,Wrigleys Extra Winterfresh Gum 
1483,Your Price $1.49 each,Hubba Bubba Original Bubble Gum Tape 2 Oz,($0.75 / Ounce),cookies-snacks-candy,"('Hubba Bubba Original Bubble Gum Tape ', '2 Oz')",False,2 Oz,Hubba Bubba Original Bubble Gum Tape 
1484,Your Price $4.49 each,Orbit Sugar Free Sweet Mint Chewing Gum - 3-14 Count,($0.11 / Count),cookies-snacks-candy,"('Orbit Sugar Free Sweet Mint Chewing Gum  ', '3-14 Count')",True,3-14 Count,Orbit Sugar Free Sweet Mint Chewing Gum  
1485,Your Price $4.29 each,Extra Sugar Free Chewing Gum Peppermint Mega Pack - 35 Count,($0.12 / Count),cookies-snacks-candy,"('Extra Sugar Free Chewing Gum Peppermint Mega Pack ', ' 35 Count')",True, 35 Count,Extra Sugar Free Chewing Gum Peppermint Mega Pack 
1486,Your Price $4.50 each,Extra Peppermint Sugar Free Chewing Gum - 3-15 Count,($0.10 / Count),cookies-snacks-candy,"('Extra Peppermint Sugar Free Chewing Gum  ', '3-15 Count')",True,3-15 Count,Extra Peppermint Sugar Free Chewing Gum  
1487,Your Price $2.00 each,Trident Gum Tropical Twist - 28 CT,($0.07 / Count),cookies-snacks-candy,"('Trident Gum Tropical Twist ', ' 28 CT')",True, 28 CT,Trident Gum Tropical Twist 
1488,Your Price $4.50 each,5 Peppermint Cobalt Sugar Free Chewing Gum - 3-15 Count,($0.10 / Stick),cookies-snacks-candy,"('5 Peppermint Cobalt Sugar Free Chewing Gum  ', '3-15 Count')",True,3-15 Count,5 Peppermint Cobalt Sugar Free Chewing Gum  
1489,$0.08 ,Wrigleys Doublemint Chewing Gum Single Pack,($0.08 / Count),cookies-snacks-candy,Wrigleys Doublemint Chewing Gum Single Pack,False, Count,W
1490,Your Price $1.59 each,Trident Spearmint Sugar Free Gum - 14 Count,($0.11 / Count),cookies-snacks-candy,"('Trident Spearmint Sugar Free Gum ', ' 14 Count')",True, 14 Count,Trident Spearmint Sugar Free Gum 
1491,Your Price $4.79 each,Orbit Sugar Free Chewing Gum Bubblemint Bottle - 55 Count,($0.09 / Count),cookies-snacks-candy,"('Orbit Sugar Free Chewing Gum Bubblemint Bottle ', ' 55 Count')",True, 55 Count,Orbit Sugar Free Chewing Gum Bubblemint Bottle 
1492,Your Price $1.59 each,Trident Gum Sugar Free With Xylitol BubbleGum - 14 Count,($0.11 / Count),cookies-snacks-candy,"('Trident Gum Sugar Free With Xylitol BubbleGum ', ' 14 Count')",True, 14 Count,Trident Gum Sugar Free With Xylitol BubbleGum 
1493,$0.14 ,5 Gum Peppermint Cobalt Sugarfree Gum Single Pack 35 Stick,($0.14 / Count),cookies-snacks-candy,5 Gum Peppermint Cobalt Sugarfree Gum Single Pack 35 Stick,False, Count,5
1494,$0.08 ,Juicy Fruit Original Bubble Gum Single Pack,($0.08 / Count),cookies-snacks-candy,Juicy Fruit Original Bubble Gum Single Pack,False, Count,J
1495,Your Price $4.29 each,Extra Sugar Free Chewing Gum Polar Ice Mega Pack - 35 Count,($0.12 / Count),cookies-snacks-candy,"('Extra Sugar Free Chewing Gum Polar Ice Mega Pack ', ' 35 Count')",True, 35 Count,Extra Sugar Free Chewing Gum Polar Ice Mega Pack 
1496,Your Price $4.29 each,Dubble Bubble Twist Wrap Bubble Gum Bag - 16 Oz,($0.27 / Ounce),cookies-snacks-candy,"('Dubble Bubble Twist Wrap Bubble Gum Bag ', ' 16 Oz')",True, 16 Oz,Dubble Bubble Twist Wrap Bubble Gum Bag 
1497,Your Price $4.29 each,Orbit Peppermint Mega Pack 30 Piece - 2.011 OZ,($2.13 / Ounce),cookies-snacks-candy,"('Orbit Peppermint Mega Pack 30 Piece ', ' 2.011 OZ')",True, 2.011 OZ,Orbit Peppermint Mega Pack 30 Piece 
1498,Your Price $4.50 each,Juicy Fruit Gum Slim Pack - 3-15 Count,($0.10 / Count),cookies-snacks-candy,"('Juicy Fruit Gum Slim Pack  ', '3-15 Count')",True,3-15 Count,Juicy Fruit Gum Slim Pack  
1499,Your Price $4.99 each,Trident Vibes Gum Red Berry Spk Redberry 40pc - 40 CT,($0.12 / Stick),cookies-snacks-candy,"('Trident Vibes Gum Red Berry Spk Redberry 40pc ', ' 40 CT')",True, 40 CT,Trident Vibes Gum Red Berry Spk Redberry 40pc 
1500,Your Price $4.79 each,Mentos Pure Fresh Chewing Gum Sugarfree Spearmint - 50 Count,($0.10 / Count),cookies-snacks-candy,"('Mentos Pure Fresh Chewing Gum Sugarfree Spearmint ', ' 50 Count')",True, 50 Count,Mentos Pure Fresh Chewing Gum Sugarfree Spearmint 
1501,Your Price $4.79 each,Extra Refresher Berry Mixed Blts - 40 CT,($0.12 / Count),cookies-snacks-candy,"('Extra Refresher Berry Mixed Blts ', ' 40 CT')",True, 40 CT,Extra Refresher Berry Mixed Blts 
1502,Your Price $4.79 each,Extra Refreshers Sugar Free Chewing Gum Spearmint - 40 Count,($0.12 / Count),cookies-snacks-candy,"('Extra Refreshers Sugar Free Chewing Gum Spearmint ', ' 40 Count')",True, 40 Count,Extra Refreshers Sugar Free Chewing Gum Spearmint 
1503,Your Price $4.99 each,Trident Vibes Spearmint Rush Sugar Free Gum - 40 Count,($0.12 / Stick),cookies-snacks-candy,"('Trident Vibes Spearmint Rush Sugar Free Gum ', ' 40 Count')",True, 40 Count,Trident Vibes Spearmint Rush Sugar Free Gum 
1504,Your Price $4.79 each,Eclipse Winterfrost Sugar Free Chewing Gum Bottle - 60 Count,($0.08 / Count),cookies-snacks-candy,"('Eclipse Winterfrost Sugar Free Chewing Gum Bottle ', ' 60 Count')",True, 60 Count,Eclipse Winterfrost Sugar Free Chewing Gum Bottle 
1505,Your Price $7.49 each,Bc Fruit Rollup/Fruit By The Foot/Fruit - 10.2 Oz,($0.73 / Ounce),cookies-snacks-candy,"('Bc Fruit Rollup/Fruit By The Foot/Fruit ', ' 10.2 Oz')",True, 10.2 Oz,Bc Fruit Rollup/Fruit By The Foot/Fruit 
1506,Your Price $9.99 each,Welchs Fruit Snacks Mixed Fruit - 40-0.9 Oz,($0.28 / Ounce),cookies-snacks-candy,"('Welchs Fruit Snacks Mixed Fruit  ', '40-0.9 Oz')",True,40-0.9 Oz,Welchs Fruit Snacks Mixed Fruit  
1507,Your Price $3.99 each,Welchs Juicefuls Island Splash - 6 OZ,($0.67 / Ounce),cookies-snacks-candy,"('Welchs Juicefuls Island Splash ', ' 6 OZ')",True, 6 OZ,Welchs Juicefuls Island Splash 
1508,Your Price $6.99 each,Welchs Fruitsnack Mix Fruit - 22 Count,($0.35 / Ounce),cookies-snacks-candy,"('Welchs Fruitsnack Mix Fruit ', ' 22 Count')",True, 22 Count,Welchs Fruitsnack Mix Fruit 
1509,Your Price $9.99 each,Welchs Fruit Snacks Berries N Cherries - 40-0.9 Oz,($0.28 / Ounce),cookies-snacks-candy,"('Welchs Fruit Snacks Berries N Cherries  ', '40-0.9 Oz')",True,40-0.9 Oz,Welchs Fruit Snacks Berries N Cherries  
1510,Your Price $7.49 each,Fruit Gushers Fruit Flavored Snacks Variety Pack - 12-0.8 Oz,($0.78 / Ounce),cookies-snacks-candy,"('Fruit Gushers Fruit Flavored Snacks Variety Pack  ', '12-0.8 Oz')",True,12-0.8 Oz,Fruit Gushers Fruit Flavored Snacks Variety Pack  
1511,Your Price $3.99 each,Welchs Juicefuls Berry Blast - 6 OZ,($0.67 / Ounce),cookies-snacks-candy,"('Welchs Juicefuls Berry Blast ', ' 6 OZ')",True, 6 OZ,Welchs Juicefuls Berry Blast 
1512,Your Price $3.99 each,0.7 Oz Welch's Fruit 'n Yogurt Strawberr - 5.6 OZ,($0.71 / Ounce),cookies-snacks-candy,"(""0.7 Oz Welch's Fruit 'n Yogurt Strawberr "", ' 5.6 OZ')",True, 5.6 OZ,0.7 Oz Welch's Fruit 'n Yogurt Strawberr 
1513,Your Price $3.99 each,Welchs Fs Reduced Sugar Mixed Frt Pouch - 6.4 Oz,($0.62 / Ounce),cookies-snacks-candy,"('Welchs Fs Reduced Sugar Mixed Frt Pouch ', ' 6.4 Oz')",True, 6.4 Oz,Welchs Fs Reduced Sugar Mixed Frt Pouch 
1514,Your Price $4.49 each,Betty Crocker Spiderman Fruit Snacks 10 Count - 8 OZ,($0.56 / Ounce),cookies-snacks-candy,"('Betty Crocker Spiderman Fruit Snacks 10 Count ', ' 8 OZ')",True, 8 OZ,Betty Crocker Spiderman Fruit Snacks 10 Count 
1515,Your Price $3.99 each,Welchs Juicefuls Mixed Fruit - 6 OZ,($0.67 / Ounce),cookies-snacks-candy,"('Welchs Juicefuls Mixed Fruit ', ' 6 OZ')",True, 6 OZ,Welchs Juicefuls Mixed Fruit 
1516,Your Price $7.99 each,Signature Select Fruit Snacks Mixed Fruit Family Pk - 40 CT,($0.20 / Count),cookies-snacks-candy,"('Signature Select Fruit Snacks Mixed Fruit Family Pk ', ' 40 CT')",True, 40 CT,Signature Select Fruit Snacks Mixed Fruit Family Pk 
1517,Your Price $2.50 each,Fys Funables Fruit Snacks Mixed Berry - 8 OZ,($0.31 / Ounce),cookies-snacks-candy,"('Fys Funables Fruit Snacks Mixed Berry ', ' 8 OZ')",True, 8 OZ,Fys Funables Fruit Snacks Mixed Berry 
1518,Your Price $4.49 each,Bc Fruit Rollup/Fruit By The Foot/Fruit Gushers Vp - 5.1 Oz,($0.88 / Ounce),cookies-snacks-candy,"('Bc Fruit Rollup/Fruit By The Foot/Fruit Gushers Vp ', ' 5.1 Oz')",True, 5.1 Oz,Bc Fruit Rollup/Fruit By The Foot/Fruit Gushers Vp 
1519,Your Price $3.99 each,BEAR Fruit Rolls Raspberry Multipack - 5-0.7 Oz,($1.14 / Ounce),cookies-snacks-candy,"('BEAR Fruit Rolls Raspberry Multipack  ', '5-0.7 Oz')",True,5-0.7 Oz,BEAR Fruit Rolls Raspberry Multipack  
1520,Your Price $3.49 each,Signature Select Fruit Snacks Mixed Fruit 10 Ct - 10 CT,($0.44 / Ounce),cookies-snacks-candy,"('Signature Select Fruit Snacks Mixed Fruit 10 Ct ', ' 10 CT')",True, 10 CT,Signature Select Fruit Snacks Mixed Fruit 10 Ct 
1521,Your Price $3.99 each,Welchs Fruit Snacks Island Fruits - 10-0.9 Oz,($0.44 / Ounce),cookies-snacks-candy,"('Welchs Fruit Snacks Island Fruits  ', '10-0.9 Oz')",True,10-0.9 Oz,Welchs Fruit Snacks Island Fruits  
1522,Your Price $3.49 each,Welchs Fruit Snacks Mixed Fruit Sub - 8 OZ,($0.44 / Ounce),cookies-snacks-candy,"('Welchs Fruit Snacks Mixed Fruit Sub ', ' 8 OZ')",True, 8 OZ,Welchs Fruit Snacks Mixed Fruit Sub 
1523,Your Price $3.99 each,BEAR Fruit Rolls Strawberry Multipack - 5-0.7 Oz,($1.14 / Ounce),cookies-snacks-candy,"('BEAR Fruit Rolls Strawberry Multipack  ', '5-0.7 Oz')",True,5-0.7 Oz,BEAR Fruit Rolls Strawberry Multipack  
1524,Your Price $3.99 each,BEAR Fruit Rolls Mango Multipack - 5-0.7 Oz,($1.14 / Ounce),cookies-snacks-candy,"('BEAR Fruit Rolls Mango Multipack  ', '5-0.7 Oz')",True,5-0.7 Oz,BEAR Fruit Rolls Mango Multipack  
1525,Your Price $1.50 each,Snack Pack Pudding Sugar Free Chocolate - 4-3.25 Oz,($0.12 / Ounce),cookies-snacks-candy,"('Snack Pack Pudding Sugar Free Chocolate  ', '4-3.25 Oz')",True,4-3.25 Oz,Snack Pack Pudding Sugar Free Chocolate  
1526,Your Price $1.50 each,Snack Pack Pudding Chocolate - 4-3.25 Oz,($0.12 / Ounce),cookies-snacks-candy,"('Snack Pack Pudding Chocolate  ', '4-3.25 Oz')",True,4-3.25 Oz,Snack Pack Pudding Chocolate  
1527,Your Price $1.50 each,Snack Pack Pudding Tapioca - 4-3.5 Oz,($0.12 / Ounce),cookies-snacks-candy,"('Snack Pack Pudding Tapioca  ', '4-3.5 Oz')",True,4-3.5 Oz,Snack Pack Pudding Tapioca  
1528,Your Price $1.50 each,Snack Pack Juicy Gels Orange Strawberry - 4-3.25 Oz,($0.12 / Ounce),cookies-snacks-candy,"('Snack Pack Juicy Gels Orange Strawberry  ', '4-3.25 Oz')",True,4-3.25 Oz,Snack Pack Juicy Gels Orange Strawberry  
1529,Your Price $1.50 each,Snack Pack Pudding Vanilla - 4-3.25 Oz,($0.12 / Ounce),cookies-snacks-candy,"('Snack Pack Pudding Vanilla  ', '4-3.25 Oz')",True,4-3.25 Oz,Snack Pack Pudding Vanilla  
1530,Your Price $1.50 each,Snack Pack Pudding Chocolate Vanilla - 4-3.25 Oz,($0.12 / Ounce),cookies-snacks-candy,"('Snack Pack Pudding Chocolate Vanilla  ', '4-3.25 Oz')",True,4-3.25 Oz,Snack Pack Pudding Chocolate Vanilla  
1531,Your Price $4.29 each,Snack Pack Pudding Super Chocolate - 6-5.5 Oz,($0.13 / Ounce),cookies-snacks-candy,"('Snack Pack Pudding Super Chocolate  ', '6-5.5 Oz')",True,6-5.5 Oz,Snack Pack Pudding Super Chocolate  
1532,Your Price $1.50 each,Snack Pack Juicy Gels Strawberry - 4-3.25 Oz,($0.12 / Ounce),cookies-snacks-candy,"('Snack Pack Juicy Gels Strawberry  ', '4-3.25 Oz')",True,4-3.25 Oz,Snack Pack Juicy Gels Strawberry  
1533,Your Price $1.50 each,Snack Pack Pudding Chocolate Fudge - 4-3.25 Oz,($0.12 / Ounce),cookies-snacks-candy,"('Snack Pack Pudding Chocolate Fudge  ', '4-3.25 Oz')",True,4-3.25 Oz,Snack Pack Pudding Chocolate Fudge  
1534,Your Price $1.49 each,Signature SELECT Pudding Snack Chocolate - 4-3.25 Oz,($0.11 / Ounce),cookies-snacks-candy,"('Signature SELECT Pudding Snack Chocolate  ', '4-3.25 Oz')",True,4-3.25 Oz,Signature SELECT Pudding Snack Chocolate  
1535,Your Price $1.50 each,Snack Pack Pudding Butterscotch - 4-3.25 Oz,($0.12 / Ounce),cookies-snacks-candy,"('Snack Pack Pudding Butterscotch  ', '4-3.25 Oz')",True,4-3.25 Oz,Snack Pack Pudding Butterscotch  
1536,Your Price $1.50 each,Snack Pack Pudding Sugar Free Vanilla - 4-3.25 Oz,($0.12 / Ounce),cookies-snacks-candy,"('Snack Pack Pudding Sugar Free Vanilla  ', '4-3.25 Oz')",True,4-3.25 Oz,Snack Pack Pudding Sugar Free Vanilla  
1537,Your Price $3.49 each,Snack Pack Pudding Unicorn Magic - 6-3.25 Oz,($0.18 / Ounce),cookies-snacks-candy,"('Snack Pack Pudding Unicorn Magic  ', '6-3.25 Oz')",True,6-3.25 Oz,Snack Pack Pudding Unicorn Magic  
1538,Your Price $1.49 each,Signature SELECT Pudding Snack Butterscotch - 4-3.25 Oz,($0.11 / Ounce),cookies-snacks-candy,"('Signature SELECT Pudding Snack Butterscotch  ', '4-3.25 Oz')",True,4-3.25 Oz,Signature SELECT Pudding Snack Butterscotch  
1539,Your Price $1.49 each,Signature SELECT Pudding Snack Tapioca - 4-3.25 Oz,($0.11 / Ounce),cookies-snacks-candy,"('Signature SELECT Pudding Snack Tapioca  ', '4-3.25 Oz')",True,4-3.25 Oz,Signature SELECT Pudding Snack Tapioca  
1540,Your Price $4.29 each,Snack Pack Juicy Gels Super Strawberry - 6-5.5 Oz,($0.13 / Ounce),cookies-snacks-candy,"('Snack Pack Juicy Gels Super Strawberry  ', '6-5.5 Oz')",True,6-5.5 Oz,Snack Pack Juicy Gels Super Strawberry  
1541,Your Price $5.49 each,Raymundos Caramel Flan - 6-4 Oz,($0.26 / Ounce),cookies-snacks-candy,"('Raymundos Caramel Flan  ', '6-4 Oz')",True,6-4 Oz,Raymundos Caramel Flan  
1542,Your Price $1.50 each,Snack Pack Juicy Gels Berry Blue - 4-3.25 Oz,($0.12 / Ounce),cookies-snacks-candy,"('Snack Pack Juicy Gels Berry Blue  ', '4-3.25 Oz')",True,4-3.25 Oz,Snack Pack Juicy Gels Berry Blue  
1543,Your Price $1.50 each,Snack Pack Pudding Banana Cream Pie - 4-3.25 Oz,($0.12 / Ounce),cookies-snacks-candy,"('Snack Pack Pudding Banana Cream Pie  ', '4-3.25 Oz')",True,4-3.25 Oz,Snack Pack Pudding Banana Cream Pie  
1544,Your Price $3.99 each,Snack Pack Pudding Chocolate Lovers Family Pack - 39 Oz,($0.10 / Ounce),cookies-snacks-candy,"('Snack Pack Pudding Chocolate Lovers Family Pack ', ' 39 Oz')",True, 39 Oz,Snack Pack Pudding Chocolate Lovers Family Pack 
1545,Your Price $4.29 each,Snack Pack Pudding Super Vanilla - 6-5.5 Oz,($0.13 / Ounce),cookies-snacks-candy,"('Snack Pack Pudding Super Vanilla  ', '6-5.5 Oz')",True,6-5.5 Oz,Snack Pack Pudding Super Vanilla  
1546,Your Price $3.49 each,Senor Rico Rice Pudding - 4-3.75 Oz,($0.23 / Ounce),cookies-snacks-candy,"('Senor Rico Rice Pudding  ', '4-3.75 Oz')",True,4-3.75 Oz,Senor Rico Rice Pudding  
1547,Your Price $3.79 each,Philadelphia Cherry Cheesecake Snacks Cups - 2-3.25 Oz,($0.58 / Ounce),cookies-snacks-candy,"('Philadelphia Cherry Cheesecake Snacks Cups  ', '2-3.25 Oz')",True,2-3.25 Oz,Philadelphia Cherry Cheesecake Snacks Cups  
1548,Your Price $3.49 each,Senor Rico Caramel Flan - 4-4 Oz,($0.22 / Ounce),cookies-snacks-candy,"('Senor Rico Caramel Flan  ', '4-4 Oz')",True,4-4 Oz,Senor Rico Caramel Flan  
1549,Your Price $3.79 each,Philadelphia Strawberry Cheesecake Snacks Cups - 2-3.25 Oz,($0.58 / Ounce),cookies-snacks-candy,"('Philadelphia Strawberry Cheesecake Snacks Cups  ', '2-3.25 Oz')",True,2-3.25 Oz,Philadelphia Strawberry Cheesecake Snacks Cups  
1550,Your Price $4.50 each,Raymundos Sugar Free Assorted Gel - 12-3.25 Oz,($0.12 / Ounce),cookies-snacks-candy,"('Raymundos Sugar Free Assorted Gel  ', '12-3.25 Oz')",True,12-3.25 Oz,Raymundos Sugar Free Assorted Gel  
1551,Your Price $1.00 each,Yabon Puddings To Go Vanilla - EA,($1.00 / Each),cookies-snacks-candy,"('Yabon Puddings To Go Vanilla ', ' EA')",True, EA,Yabon Puddings To Go Vanilla 
1552,Your Price $3.49 each,Altoids Classic Peppermint Breath Mints Hard Candy - 1.76 Oz,($1.98 / Ounce),cookies-snacks-candy,"('Altoids Classic Peppermint Breath Mints Hard Candy ', ' 1.76 Oz')",True, 1.76 Oz,Altoids Classic Peppermint Breath Mints Hard Candy 
1553,Your Price $1.99 each,Tic Tac Mints Freshmints - 1 Oz,($1.99 / Ounce),cookies-snacks-candy,"('Tic Tac Mints Freshmints ', ' 1 Oz')",True, 1 Oz,Tic Tac Mints Freshmints 
1554,Your Price $1.59 each,Mentos Mints Fruit Mixed - 1.32 Oz,($1.20 / Ounce),cookies-snacks-candy,"('Mentos Mints Fruit Mixed ', ' 1.32 Oz')",True, 1.32 Oz,Mentos Mints Fruit Mixed 
1555,Your Price $2.79 each,ICE BREAKERS Coolmint Sugar Free Breath Mints Tin - 1.5 Oz,($1.86 / Ounce),cookies-snacks-candy,"('ICE BREAKERS Coolmint Sugar Free Breath Mints Tin ', ' 1.5 Oz')",True, 1.5 Oz,ICE BREAKERS Coolmint Sugar Free Breath Mints Tin 
1556,Your Price $3.29 each,Altoids Hard Candy Mints Wintergreen Single Pack - 1.76 Oz,($1.87 / Ounce),cookies-snacks-candy,"('Altoids Hard Candy Mints Wintergreen Single Pack ', ' 1.76 Oz')",True, 1.76 Oz,Altoids Hard Candy Mints Wintergreen Single Pack 
1557,Your Price $4.29 each,Tic Tac Mints Fruit Adventure - 3.4 Oz,($1.26 / Ounce),cookies-snacks-candy,"('Tic Tac Mints Fruit Adventure ', ' 3.4 Oz')",True, 3.4 Oz,Tic Tac Mints Fruit Adventure 
1558,Your Price $4.29 each,Tic Tac Orange Bottle Pack - 3.4 Oz,($1.26 / Ounce),cookies-snacks-candy,"('Tic Tac Orange Bottle Pack ', ' 3.4 Oz')",True, 3.4 Oz,Tic Tac Orange Bottle Pack 
1559,Your Price $2.79 each,BreathSavers Mints Sugar Free 3 Hour Spearmint - 1.27 Oz,($2.20 / Ounce),cookies-snacks-candy,"('BreathSavers Mints Sugar Free 3 Hour Spearmint ', ' 1.27 Oz')",True, 1.27 Oz,BreathSavers Mints Sugar Free 3 Hour Spearmint 
1560,Your Price $2.79 each,Ice Breakers Mints Berry Sours - 1.5 Oz,($1.86 / Ounce),cookies-snacks-candy,"('Ice Breakers Mints Berry Sours ', ' 1.5 Oz')",True, 1.5 Oz,Ice Breakers Mints Berry Sours 
1561,Your Price $1.99 each,Tic Tac Mints Fruit Adventure - 1 Oz,($1.99 / Ounce),cookies-snacks-candy,"('Tic Tac Mints Fruit Adventure ', ' 1 Oz')",True, 1 Oz,Tic Tac Mints Fruit Adventure 
1562,Your Price $4.29 each,Tic Tac Berry Adventure Bottle Pack - 3.4 OZ,($1.26 / Ounce),cookies-snacks-candy,"('Tic Tac Berry Adventure Bottle Pack ', ' 3.4 OZ')",True, 3.4 OZ,Tic Tac Berry Adventure Bottle Pack 
1563,Your Price $1.99 each,Tic Tac Mints Orange - 1 Oz,($1.99 / Ounce),cookies-snacks-candy,"('Tic Tac Mints Orange ', ' 1 Oz')",True, 1 Oz,Tic Tac Mints Orange 
1564,Your Price $1.59 each,Mentos Mints Peppermint - 1.32 Oz,($1.20 / Ounce),cookies-snacks-candy,"('Mentos Mints Peppermint ', ' 1.32 Oz')",True, 1.32 Oz,Mentos Mints Peppermint 
1565,Your Price $4.29 each,Tic Tac Tropical Adventure Bottle - 3.4 OZ,($1.26 / Ounce),cookies-snacks-candy,"('Tic Tac Tropical Adventure Bottle ', ' 3.4 OZ')",True, 3.4 OZ,Tic Tac Tropical Adventure Bottle 
1566,Your Price $1.99 each,Tic Tac T60 Berry Adventure - 1 OZ,($1.99 / Ounce),cookies-snacks-candy,"('Tic Tac T60 Berry Adventure ', ' 1 OZ')",True, 1 OZ,Tic Tac T60 Berry Adventure 
1567,Your Price $1.59 each,Mentos Strawberry Candy - 1.32 Oz,($1.20 / Ounce),cookies-snacks-candy,"('Mentos Strawberry Candy ', ' 1.32 Oz')",True, 1.32 Oz,Mentos Strawberry Candy 
1568,Your Price $1.99 each,Tic Tac Bewitching Blends - 1 Oz,($1.99 / Ounce),cookies-snacks-candy,"('Tic Tac Bewitching Blends ', ' 1 Oz')",True, 1 Oz,Tic Tac Bewitching Blends 
1569,Your Price $4.99 each,Mentos Peg Fruits 6 Pack - 7.92 Oz,($0.63 / Ounce),cookies-snacks-candy,"('Mentos Peg Fruits 6 Pack ', ' 7.92 Oz')",True, 7.92 Oz,Mentos Peg Fruits 6 Pack 
1570,Your Price $4.99 each,Mentos Peggable Chewy Mint 6 Pack - 7.8 Oz,($0.64 / Ounce),cookies-snacks-candy,"('Mentos Peggable Chewy Mint 6 Pack ', ' 7.8 Oz')",True, 7.8 Oz,Mentos Peggable Chewy Mint 6 Pack 
1571,Your Price $2.49 each,PUR Gum Mints Aspartame Free Spearmint Pouch - 20 Count,($2.49 / Ounce),cookies-snacks-candy,"('PUR Gum Mints Aspartame Free Spearmint Pouch ', ' 20 Count')",True, 20 Count,PUR Gum Mints Aspartame Free Spearmint Pouch 
1572,Your Price $2.49 each,Pur Mints Mint Tangerine Tango Sugar Free - 0.776 Oz,($2.49 / Ounce),cookies-snacks-candy,"('Pur Mints Mint Tangerine Tango Sugar Free ', ' 0.776 Oz')",True, 0.776 Oz,Pur Mints Mint Tangerine Tango Sugar Free 
1573,Your Price $1.25 each,Open Nature Seaweed 100% Natural - .17 Oz,($7.35 / Ounce),cookies-snacks-candy,"('Open Nature Seaweed 100% Natural ', ' .17 Oz')",True, .17 Oz,Open Nature Seaweed 100% Natural 
1574,Your Price $4.49 each,Gimme Seaweed Roasted Sea Salt - 0.7 OZ,($6.60 / Ounce),cookies-snacks-candy,"('Gimme Seaweed Roasted Sea Salt ', ' 0.7 OZ')",True, 0.7 OZ,Gimme Seaweed Roasted Sea Salt 
1575,Your Price $1.25 each,Open Nature Seaweed Snack Wasabi - .17 OZ,($7.35 / Ounce),cookies-snacks-candy,"('Open Nature Seaweed Snack Wasabi ', ' .17 OZ')",True, .17 OZ,Open Nature Seaweed Snack Wasabi 
1576,Your Price $3.49 each,O Organics Seaweed Sushi Nori - 1 OZ,($3.49 / Ounce),cookies-snacks-candy,"('O Organics Seaweed Sushi Nori ', ' 1 OZ')",True, 1 OZ,O Organics Seaweed Sushi Nori 
1577,Your Price $2.99 each,Gimme Seaweed Snack Sea Salt - .35 Oz,($2.99 / Ounce),cookies-snacks-candy,"('Gimme Seaweed Snack Sea Salt ', ' .35 Oz')",True, .35 Oz,Gimme Seaweed Snack Sea Salt 
1578,Your Price $2.99 each,gimMe Snacks Organic Seaweed Roasted Teriyaki - 0.35 Oz,($2.99 / Ounce),cookies-snacks-candy,"('gimMe Snacks Organic Seaweed Roasted Teriyaki ', ' 0.35 Oz')",True, 0.35 Oz,gimMe Snacks Organic Seaweed Roasted Teriyaki 
1579,Your Price $4.49 each,Wel-Pac Cuttlefish Saki Ika Hot - .75 Oz,($6.60 / Ounce),cookies-snacks-candy,"('Wel Pac Cuttlefish Saki Ika Hot', '.75 Oz')",True,.75 Oz,Wel Pac Cuttlefish Saki Ika Hot
1580,Your Price $2.99 each,Gimme Seaweed Snack Rstd Ss & Avocado - 0.32 OZ,($2.99 / Ounce),cookies-snacks-candy,"('Gimme Seaweed Snack Rstd Ss & Avocado ', ' 0.32 OZ')",True, 0.32 OZ,Gimme Seaweed Snack Rstd Ss & Avocado 
1581,Your Price $5.79 each,Lucerne Farms Eggs Cage Free Large - 18 Count,($3.86 / Dozen),dairy-eggs-cheese,"('Lucerne Farms Eggs Cage Free Large ', ' 18 Count')",True, 18 Count,Lucerne Farms Eggs Cage Free Large 
1582,Your Price $4.49 each,Lucerne Farms Eggs Large Cage Free - 12 Count,($4.49 / Dozen),dairy-eggs-cheese,"('Lucerne Farms Eggs Large Cage Free ', ' 12 Count')",True, 12 Count,Lucerne Farms Eggs Large Cage Free 
1583,Your Price $7.19 each,O Organics Organic Eggs Large Brown - 18 Count,($4.79 / Dozen),dairy-eggs-cheese,"('O Organics Organic Eggs Large Brown ', ' 18 Count')",True, 18 Count,O Organics Organic Eggs Large Brown 
1584,Your Price $6.99 each,Jewel Eggs Large - 18 Count,($0.39 / Count),dairy-eggs-cheese,"('Jewel Eggs Large ', ' 18 Count')",True, 18 Count,Jewel Eggs Large 
1585,Your Price $4.99 each,O Organics Organic Eggs Large Brown - 12 Count,($4.99 / Dozen),dairy-eggs-cheese,"('O Organics Organic Eggs Large Brown ', ' 12 Count')",True, 12 Count,O Organics Organic Eggs Large Brown 
1586,Your Price $6.49 each,Open Nature Eggs Brown Free Range Large - 18 Count,($4.33 / Dozen),dairy-eggs-cheese,"('Open Nature Eggs Brown Free Range Large ', ' 18 Count')",True, 18 Count,Open Nature Eggs Brown Free Range Large 
1587,Your Price $4.99 each,Jewel Eggs Large - 12 Count,($0.42 / Count),dairy-eggs-cheese,"('Jewel Eggs Large ', ' 12 Count')",True, 12 Count,Jewel Eggs Large 
1588,Your Price $5.99 each,Nellies Eggs Free Range Large Brown - 18 Count,($0.33 / Count),dairy-eggs-cheese,"('Nellies Eggs Free Range Large Brown ', ' 18 Count')",True, 18 Count,Nellies Eggs Free Range Large Brown 
1589,Your Price $4.99 each,Egglands Best Eggs Cage Free Large Brown  - 12 Count,($4.99 / Dozen),dairy-eggs-cheese,"('Egglands Best Eggs Cage Free Large Brown  ', ' 12 Count')",True, 12 Count,Egglands Best Eggs Cage Free Large Brown  
1590,Your Price $6.99 each,Egglands Best Eggs Large Grade A  - 18 Count,($4.66 / Dozen),dairy-eggs-cheese,"('Egglands Best Eggs Large Grade A  ', ' 18 Count')",True, 18 Count,Egglands Best Eggs Large Grade A  
1591,Your Price $5.49 each,Happy Egg Co. Eggs Free Range Large - 12 Count,($0.46 / Count),dairy-eggs-cheese,"('Happy Egg Co. Eggs Free Range Large ', ' 12 Count')",True, 12 Count,Happy Egg Co. Eggs Free Range Large 
1592,Your Price $6.99 each,Vital Farms Eggs Large - 12 Count,($6.99 / Dozen),dairy-eggs-cheese,"('Vital Farms Eggs Large ', ' 12 Count')",True, 12 Count,Vital Farms Eggs Large 
1593,Your Price $4.99 each,Egglands Best Eggs Extra Large Grade A - 12 Count,($4.99 / Dozen),dairy-eggs-cheese,"('Egglands Best Eggs Extra Large Grade A ', ' 12 Count')",True, 12 Count,Egglands Best Eggs Extra Large Grade A 
1594,Your Price $8.99 each,Vital Farms Pasture-Raised Eggs - Large - 18 Count,($5.99 / Dozen),dairy-eggs-cheese,"('Vital Farms Pasture Raised EggsLarge', '18 Count')",True,18 Count,Vital Farms Pasture Raised EggsLarge
1595,Your Price $4.99 each,Open Nature Eggs Brown Free Range Large - 12 Count,($4.99 / Dozen),dairy-eggs-cheese,"('Open Nature Eggs Brown Free Range Large ', ' 12 Count')",True, 12 Count,Open Nature Eggs Brown Free Range Large 
1596,Your Price $4.99 each,Egglands Best Eggs Large - 12 Count,($4.99 / Dozen),dairy-eggs-cheese,"('Egglands Best Eggs Large ', ' 12 Count')",True, 12 Count,Egglands Best Eggs Large 
1597,Your Price $3.49 each,Lucerne Farms Eggs Hard Cooked Peeled Medium 6 Count - 9 Oz,($0.58 / Count),dairy-eggs-cheese,"('Lucerne Farms Eggs Hard Cooked Peeled Medium 6 Count ', ' 9 Oz')",True, 9 Oz,Lucerne Farms Eggs Hard Cooked Peeled Medium 6 Count 
1598,Your Price $2.99 each,Lucerne Liquid Eggs - 16 Oz,($0.19 / Ounce),dairy-eggs-cheese,"('Lucerne Liquid Eggs ', ' 16 Oz')",True, 16 Oz,Lucerne Liquid Eggs 
1599,Your Price $4.79 each,Lucerne Farms Eggs Cage Free Extra Large - 12 Count,($4.79 / Dozen),dairy-eggs-cheese,"('Lucerne Farms Eggs Cage Free Extra Large ', ' 12 Count')",True, 12 Count,Lucerne Farms Eggs Cage Free Extra Large 
1600,Your Price $4.49 each,Nellies Eggs Free Range Grade A Brown Large - 12 Count,($4.49 / Dozen),dairy-eggs-cheese,"('Nellies Eggs Free Range Grade A Brown Large ', ' 12 Count')",True, 12 Count,Nellies Eggs Free Range Grade A Brown Large 
1601,Your Price $6.99 each,Happy Eggs Free Range Organic - 12 Count,($0.58 / Count),dairy-eggs-cheese,"('Happy Eggs Free Range Organic ', ' 12 Count')",True, 12 Count,Happy Eggs Free Range Organic 
1602,Your Price $3.79 each,Egglands Best Eggs Hard-Cooked Peeled Medium - 6 Count,($0.63 / Count),dairy-eggs-cheese,"('Egglands Best Eggs Hard Cooked Peeled Medium', '6 Count')",True,6 Count,Egglands Best Eggs Hard Cooked Peeled Medium
1603,Your Price $4.99 each,Lucerne Farms Eggs Cage Free Jumbo - 12 Count,($4.99 / Dozen),dairy-eggs-cheese,"('Lucerne Farms Eggs Cage Free Jumbo ', ' 12 Count')",True, 12 Count,Lucerne Farms Eggs Cage Free Jumbo 
1604,Your Price $4.99 each,Lucerne Egg Whites - 32 Oz,($0.16 / Fl.oz),dairy-eggs-cheese,"('Lucerne Egg Whites ', ' 32 Oz')",True, 32 Oz,Lucerne Egg Whites 
1605,Your Price $8.99 each,Hard Boiled Eggs Bowl - Each,($8.99 / Each),dairy-eggs-cheese,"('Hard Boiled Eggs Bowl ', ' Each')",True, Each,Hard Boiled Eggs Bowl 
1606,Your Price $6.49 each,Pete & Gerrys Organic Eggs Free Range Large - 12 Count,($6.49 / Dozen),dairy-eggs-cheese,"('Pete & Gerrys Organic Eggs Free Range Large ', ' 12 Count')",True, 12 Count,Pete & Gerrys Organic Eggs Free Range Large 
1607,Your Price $5.99 each,Egglands Best Eggs Organic Large Grade A Brown - 12 Count,($5.99 / Dozen),dairy-eggs-cheese,"('Egglands Best Eggs Organic Large Grade A Brown ', ' 12 Count')",True, 12 Count,Egglands Best Eggs Organic Large Grade A Brown 
1608,Your Price $5.49 each,Yoplait Blueberry Mixed Berry Lf Yogurt Fridge Pack - 8-6 Oz,($0.11 / Ounce),dairy-eggs-cheese,"('Yoplait Blueberry Mixed Berry Lf Yogurt Fridge Pack  ', '8-6 Oz')",True,8-6 Oz,Yoplait Blueberry Mixed Berry Lf Yogurt Fridge Pack  
1609,Your Price $6.99 each,Fage Total 0% Vanilla 32 Oz - 32 OZ,($0.22 / Ounce),dairy-eggs-cheese,"('Fage Total 0% Vanilla 32 Oz ', ' 32 OZ')",True, 32 OZ,Fage Total 0% Vanilla 32 Oz 
1610,Your Price $5.99 each,Chobani Yogurt Greek Blended Non-Fat Vanilla - 32 Oz,($0.19 / Ounce),dairy-eggs-cheese,"('Chobani Yogurt Greek Blended Non Fat Vanilla', '32 Oz')",True,32 Oz,Chobani Yogurt Greek Blended Non Fat Vanilla
1611,Your Price $3.99 each,FAGE Total 5% Milkfat Plain Greek Yogurt - 16 Oz,($0.25 / Ounce),dairy-eggs-cheese,"('FAGE Total 5% Milkfat Plain Greek Yogurt ', ' 16 Oz')",True, 16 Oz,FAGE Total 5% Milkfat Plain Greek Yogurt 
1612,Your Price $6.99 each,FAGE Total 5% Milkfat Plain Greek Yogurt - 32 Oz,($0.22 / Ounce),dairy-eggs-cheese,"('FAGE Total 5% Milkfat Plain Greek Yogurt ', ' 32 Oz')",True, 32 Oz,FAGE Total 5% Milkfat Plain Greek Yogurt 
1613,Your Price $1.79 each,FAGE Total 5% Milkfat Plain Greek Yogurt - 5.3 Oz,($0.34 / Ounce),dairy-eggs-cheese,"('FAGE Total 5% Milkfat Plain Greek Yogurt ', ' 5.3 Oz')",True, 5.3 Oz,FAGE Total 5% Milkfat Plain Greek Yogurt 
1614,Your Price $5.99 each,Chobani Yogurt Greek Non-Fat Plain - 32 Oz,($0.19 / Ounce),dairy-eggs-cheese,"('Chobani Yogurt Greek Non Fat Plain', '32 Oz')",True,32 Oz,Chobani Yogurt Greek Non Fat Plain
1615,Your Price $3.99 each,FAGE Total 2% Milkfat Plain Greek Yogurt - 16 Oz,($0.25 / Ounce),dairy-eggs-cheese,"('FAGE Total 2% Milkfat Plain Greek Yogurt ', ' 16 Oz')",True, 16 Oz,FAGE Total 2% Milkfat Plain Greek Yogurt 
1616,Your Price $6.99 each,FAGE Total 0% Milkfat Plain Greek Yogurt - 32 Oz,($0.22 / Ounce),dairy-eggs-cheese,"('FAGE Total 0% Milkfat Plain Greek Yogurt ', ' 32 Oz')",True, 32 Oz,FAGE Total 0% Milkfat Plain Greek Yogurt 
1617,Your Price $4.00 each,Greek Gods Yogurt Greek Style Honey Vanilla - 24 Oz,($0.17 / Ounce),dairy-eggs-cheese,"('Greek Gods Yogurt Greek Style Honey Vanilla ', ' 24 Oz')",True, 24 Oz,Greek Gods Yogurt Greek Style Honey Vanilla 
1618,Your Price $4.99 each,Chobani Yogurt Greek Non Fat On The Bottom Peach - 4-5.3 Oz,($0.24 / Ounce),dairy-eggs-cheese,"('Chobani Yogurt Greek Non Fat On The Bottom Peach  ', '4-5.3 Oz')",True,4-5.3 Oz,Chobani Yogurt Greek Non Fat On The Bottom Peach  
1619,Your Price $4.49 each,Kozy Shack Original Recipe Rice Pudding 6 Count - 24 Oz,($0.19 / Ounce),dairy-eggs-cheese,"('Kozy Shack Original Recipe Rice Pudding 6 Count ', ' 24 Oz')",True, 24 Oz,Kozy Shack Original Recipe Rice Pudding 6 Count 
1620,Your Price $2.99 each,Lucerne Yogurt Lowfat Vanilla Flavored - 32 Oz,($0.09 / Ounce),dairy-eggs-cheese,"('Lucerne Yogurt Lowfat Vanilla Flavored ', ' 32 Oz')",True, 32 Oz,Lucerne Yogurt Lowfat Vanilla Flavored 
1621,Your Price $4.99 each,Chobani Yogurt Greek Blended Low-Fat Key Lime - 4-5.3 Oz,($0.24 / Ounce),dairy-eggs-cheese,"('Chobani Yogurt Greek Blended Low Fat Key Lime', '4-5.3 Oz')",True,4-5.3 Oz,Chobani Yogurt Greek Blended Low Fat Key Lime
1622,Your Price $1.25 each,Chobani Flip Low-Fat Greek Yogurt Peanut Butter Cup - 4.5 Oz,($0.28 / Ounce),dairy-eggs-cheese,"('Chobani Flip Low Fat Greek Yogurt Peanut Butter Cup', '4.5 Oz')",True,4.5 Oz,Chobani Flip Low Fat Greek Yogurt Peanut Butter Cup
1623,Your Price $4.99 each,Open Nature Yogurt Greek Nonfat Strained Plain - 32 Oz,($0.16 / Ounce),dairy-eggs-cheese,"('Open Nature Yogurt Greek Nonfat Strained Plain ', ' 32 Oz')",True, 32 Oz,Open Nature Yogurt Greek Nonfat Strained Plain 
1624,Your Price $4.49 each,Kozy Shack Original Recipe Tapioca Pudding 6 Count - 24 Oz,($0.19 / Ounce),dairy-eggs-cheese,"('Kozy Shack Original Recipe Tapioca Pudding 6 Count ', ' 24 Oz')",True, 24 Oz,Kozy Shack Original Recipe Tapioca Pudding 6 Count 
1625,Your Price $1.25 each,Chobani Flip Low-Fat Greek Yogurt Cookie Dough - 4.5 Oz,($0.28 / Ounce),dairy-eggs-cheese,"('Chobani Flip Low Fat Greek Yogurt Cookie Dough', '4.5 Oz')",True,4.5 Oz,Chobani Flip Low Fat Greek Yogurt Cookie Dough
1626,Your Price $5.99 each,Chobani Yogurt Greek Whole Milk Plain - 32 Oz,($0.19 / Ounce),dairy-eggs-cheese,"('Chobani Yogurt Greek Whole Milk Plain ', ' 32 Oz')",True, 32 Oz,Chobani Yogurt Greek Whole Milk Plain 
1627,Your Price $6.99 each,Lucerne Cheese Natural Medium Cheddar - 32 Oz,($0.22 / Ounce),dairy-eggs-cheese,"('Lucerne Cheese Natural Medium Cheddar ', ' 32 Oz')",True, 32 Oz,Lucerne Cheese Natural Medium Cheddar 
1628,Your Price $3.50 each,Frigo Cheese Heads Colby Jack & Turkey Sticks - 8 Count,($0.56 / Ounce),dairy-eggs-cheese,"('Frigo Cheese Heads Colby Jack & Turkey Sticks ', ' 8 Count')",True, 8 Count,Frigo Cheese Heads Colby Jack & Turkey Sticks 
1629,Your Price $6.99 each,Lucerne Cheese Sharp Cheddar - 32 Oz,($0.22 / Ounce),dairy-eggs-cheese,"('Lucerne Cheese Sharp Cheddar ', ' 32 Oz')",True, 32 Oz,Lucerne Cheese Sharp Cheddar 
1630,Your Price $6.99 each,Lucerne Cheese Natural Colby Jack - 32 Oz,($0.22 / Ounce),dairy-eggs-cheese,"('Lucerne Cheese Natural Colby Jack ', ' 32 Oz')",True, 32 Oz,Lucerne Cheese Natural Colby Jack 
1631,Your Price $3.50 each,Frigo Swirls Cheese Heads - 10 Oz,($0.35 / Ounce),dairy-eggs-cheese,"('Frigo Swirls Cheese Heads ', ' 10 Oz')",True, 10 Oz,Frigo Swirls Cheese Heads 
1632,Your Price $2.79 each,Lucerne Cheese Sharp Cheddar - 8 Oz,($0.35 / Ounce),dairy-eggs-cheese,"('Lucerne Cheese Sharp Cheddar ', ' 8 Oz')",True, 8 Oz,Lucerne Cheese Sharp Cheddar 
1633,Your Price $6.99 each,Lucerne Cheese Shredded Sharp Cheddar - 32 Oz,($0.22 / Ounce),dairy-eggs-cheese,"('Lucerne Cheese Shredded Sharp Cheddar ', ' 32 Oz')",True, 32 Oz,Lucerne Cheese Shredded Sharp Cheddar 
1634,Your Price $9.49 each,Frigo Cheese Heads Cheese String 24 Count - 24 Oz,($0.40 / Ounce),dairy-eggs-cheese,"('Frigo Cheese Heads Cheese String 24 Count ', ' 24 Oz')",True, 24 Oz,Frigo Cheese Heads Cheese String 24 Count 
1635,Your Price $2.79 each,Lucerne Cheese Finely Shredded Triple Cheddar - 8 Oz,($0.35 / Ounce),dairy-eggs-cheese,"('Lucerne Cheese Finely Shredded Triple Cheddar ', ' 8 Oz')",True, 8 Oz,Lucerne Cheese Finely Shredded Triple Cheddar 
1636,Your Price $5.49 each,Kraft Singles American Slices Pack - 24 Count,($0.34 / Ounce),dairy-eggs-cheese,"('Kraft Singles American Slices Pack ', ' 24 Count')",True, 24 Count,Kraft Singles American Slices Pack 
1637,Your Price $6.99 each,Lucerne Cheese Shredded Colby Jack - 32 Oz,($0.22 / Ounce),dairy-eggs-cheese,"('Lucerne Cheese Shredded Colby Jack ', ' 32 Oz')",True, 32 Oz,Lucerne Cheese Shredded Colby Jack 
1638,Your Price $5.99 each,Lucerne Cream Cheese Family Size - 16 OZ,($0.37 / Ounce),dairy-eggs-cheese,"('Lucerne Cream Cheese Family Size ', ' 16 OZ')",True, 16 OZ,Lucerne Cream Cheese Family Size 
1639,Your Price $2.50 each,Philadelphia Original Cream Cheese Brick - 8 Oz,($0.31 / Ounce),dairy-eggs-cheese,"('Philadelphia Original Cream Cheese Brick ', ' 8 Oz')",True, 8 Oz,Philadelphia Original Cream Cheese Brick 
1640,Your Price $6.99 each,Lucerne Cheese Shredded Medium Cheddar - 32 Oz,($0.22 / Ounce),dairy-eggs-cheese,"('Lucerne Cheese Shredded Medium Cheddar ', ' 32 Oz')",True, 32 Oz,Lucerne Cheese Shredded Medium Cheddar 
1641,Your Price $3.00 each,Lucerne Cheese Slices Medium Cheddar - 10 Count,($0.38 / Ounce),dairy-eggs-cheese,"('Lucerne Cheese Slices Medium Cheddar ', ' 10 Count')",True, 10 Count,Lucerne Cheese Slices Medium Cheddar 
1642,Your Price $2.79 each,Lucerne Cheese Finely Shredded Parmesan & Romano - 6 Oz,($0.47 / Ounce),dairy-eggs-cheese,"('Lucerne Cheese Finely Shredded Parmesan & Romano ', ' 6 Oz')",True, 6 Oz,Lucerne Cheese Finely Shredded Parmesan & Romano 
1643,Your Price $7.99 each,Kraft Singles American Slices Twin Pack - 32 Count,($0.33 / Ounce),dairy-eggs-cheese,"('Kraft Singles American Slices Twin Pack ', ' 32 Count')",True, 32 Count,Kraft Singles American Slices Twin Pack 
1644,Your Price $6.99 each,Kraft Deli Deluxe American Cheese Slices Bag - 24 Count,($0.44 / Ounce),dairy-eggs-cheese,"('Kraft Deli Deluxe American Cheese Slices Bag ', ' 24 Count')",True, 24 Count,Kraft Deli Deluxe American Cheese Slices Bag 
1645,Your Price $7.49 each,Philadelphia Original Cream Cheese Spread Tub - 16 Oz,($0.47 / Ounce),dairy-eggs-cheese,"('Philadelphia Original Cream Cheese Spread Tub ', ' 16 Oz')",True, 16 Oz,Philadelphia Original Cream Cheese Spread Tub 
1646,Your Price $5.49 each,Lucerne Cheese Natural Party Pleasers Variety - 16 Oz,($0.34 / Ounce),dairy-eggs-cheese,"('Lucerne Cheese Natural Party Pleasers Variety ', ' 16 Oz')",True, 16 Oz,Lucerne Cheese Natural Party Pleasers Variety 
1647,Your Price $3.49 each,Lucerne Cheese Cottage Small Curd 4% Milkfat Min. - 24 Oz,($0.15 / Ounce),dairy-eggs-cheese,"('Lucerne Cheese Cottage Small Curd 4% Milkfat Min. ', ' 24 Oz')",True, 24 Oz,Lucerne Cheese Cottage Small Curd 4% Milkfat Min. 
1648,Your Price $3.00 each,Lucerne Cheese Slices Colby Jack - 10 Count,($0.38 / Ounce),dairy-eggs-cheese,"('Lucerne Cheese Slices Colby Jack ', ' 10 Count')",True, 10 Count,Lucerne Cheese Slices Colby Jack 
1649,Your Price $3.00 each,Lucerne Cheese Slices Pepper Jack - 10 Count,($0.38 / Ounce),dairy-eggs-cheese,"('Lucerne Cheese Slices Pepper Jack ', ' 10 Count')",True, 10 Count,Lucerne Cheese Slices Pepper Jack 
1650,Your Price $2.99 each,Lucerne Cheese Cream - 8 Oz,($0.37 / Ounce),dairy-eggs-cheese,"('Lucerne Cheese Cream ', ' 8 Oz')",True, 8 Oz,Lucerne Cheese Cream 
1651,Your Price $1.99 each,Lucerne Milk - Half Gallon (container may vary),($0.03 / Fl.oz),dairy-eggs-cheese,"('Lucerne Milk ', ' Half Gallon (container may vary)')",True, Half Gallon (container may vary),Lucerne Milk 
1652,Your Price $3.00 each,TruMoo 1% Lowfat Chocolate Milk - 0.5 Gallon,($0.05 / Fl.oz),dairy-eggs-cheese,"('TruMoo 1% Lowfat Chocolate Milk ', ' 0.5 Gallon')",True, 0.5 Gallon,TruMoo 1% Lowfat Chocolate Milk 
1653,Your Price $6.79 each,Lucerne Heavy Whipping Cream - 32 Fl. Oz.,($0.21 / Fl.oz),dairy-eggs-cheese,"('Lucerne Heavy Whipping Cream ', ' 32 Fl. Oz.')",True, 32 Fl. Oz.,Lucerne Heavy Whipping Cream 
1654,Your Price $3.00 each,TruMoo Chocolate Whole Milk - 0.5 Gallon,($0.05 / Ounce),dairy-eggs-cheese,"('TruMoo Chocolate Whole Milk ', ' 0.5 Gallon')",True, 0.5 Gallon,TruMoo Chocolate Whole Milk 
1655,Your Price $1.99 each,TruMoo High Protein 1% Low Fat Vanilla Milk - 14 Fl. Oz.,($0.14 / Fl.oz),dairy-eggs-cheese,"('TruMoo High Protein 1% Low Fat Vanilla Milk ', ' 14 Fl. Oz.')",True, 14 Fl. Oz.,TruMoo High Protein 1% Low Fat Vanilla Milk 
1656,Your Price $6.49 each,Lucerne Half & Half Ultra-Pasteurized Grade A - 64 Fl. Oz.,($0.10 / Fl.oz),dairy-eggs-cheese,"('Lucerne Half & Half Ultra Pasteurized Grade A', '64 Fl. Oz.')",True,64 Fl. Oz.,Lucerne Half & Half Ultra Pasteurized Grade A
1657,Your Price $3.99 each,Lucerne Heavy Whipping Cream - 16 Fl. Oz.,($0.25 / Fl.oz),dairy-eggs-cheese,"('Lucerne Heavy Whipping Cream ', ' 16 Fl. Oz.')",True, 16 Fl. Oz.,Lucerne Heavy Whipping Cream 
1658,Your Price $7.49 each,Lactaid Milk Lactose Free Reduced Fat - 96 Fl. Oz.,($0.08 / Fl.oz),dairy-eggs-cheese,"('Lactaid Milk Lactose Free Reduced Fat ', ' 96 Fl. Oz.')",True, 96 Fl. Oz.,Lactaid Milk Lactose Free Reduced Fat 
1659,Your Price $4.79 each,Fairlife Milk Ultra-Filtered Reduced Fat 2% - 52 Fl. Oz.,($0.09 / Fl.oz),dairy-eggs-cheese,"('Fairlife Milk Ultra Filtered Reduced Fat 2%', '52 Fl. Oz.')",True,52 Fl. Oz.,Fairlife Milk Ultra Filtered Reduced Fat 2%
1660,Your Price $7.49 each,Lactaid Milk Lactose Free Whole - 96 Fl. Oz.,($0.08 / Fl.oz),dairy-eggs-cheese,"('Lactaid Milk Lactose Free Whole ', ' 96 Fl. Oz.')",True, 96 Fl. Oz.,Lactaid Milk Lactose Free Whole 
1661,Your Price $7.99 each,Coffee mate Hazelnut Liquid Coffee Creamer - 64 Fl. Oz.,($0.12 / Fl.oz),dairy-eggs-cheese,"('Coffee mate Hazelnut Liquid Coffee Creamer ', ' 64 Fl. Oz.')",True, 64 Fl. Oz.,Coffee mate Hazelnut Liquid Coffee Creamer 
1662,Your Price $2.99 each,Jewel Reduced Fat 2% Milk - 128 Fl. Oz.,($2.99 / Fl.oz),dairy-eggs-cheese,"('Jewel Reduced Fat 2% Milk ', ' 128 Fl. Oz.')",True, 128 Fl. Oz.,Jewel Reduced Fat 2% Milk 
1663,Your Price $5.49 each,Lactaid Milk Lactose Free Reduced Fat - Half Gallon,($0.09 / Fl.oz),dairy-eggs-cheese,"('Lactaid Milk Lactose Free Reduced Fat ', ' Half Gallon')",True, Half Gallon,Lactaid Milk Lactose Free Reduced Fat 
1664,Your Price $1.99 each,Lucerne Milk Lowfat 1% Milkfat - Half Gallon,($0.03 / Fl.oz),dairy-eggs-cheese,"('Lucerne Milk Lowfat 1% Milkfat ', ' Half Gallon')",True, Half Gallon,Lucerne Milk Lowfat 1% Milkfat 
1665,Your Price $4.49 each,O Organics Organic Milk Reduced Fat 2% Milkfat - Half Gallon,($0.07 / Fl.oz),dairy-eggs-cheese,"('O Organics Organic Milk Reduced Fat 2% Milkfat ', ' Half Gallon')",True, Half Gallon,O Organics Organic Milk Reduced Fat 2% Milkfat 
1666,Your Price $3.99 each,a2 Milk Whole Milk - Half Gallon,($0.07 / Fl.oz),dairy-eggs-cheese,"('a2 Milk Whole Milk ', ' Half Gallon')",True, Half Gallon,a2 Milk Whole Milk 
1667,Your Price $4.99 each,Lucerne Milk Reduced Fat Lactose Free - 64 Fl. Oz.,($0.08 / Fl.oz),dairy-eggs-cheese,"('Lucerne Milk Reduced Fat Lactose Free ', ' 64 Fl. Oz.')",True, 64 Fl. Oz.,Lucerne Milk Reduced Fat Lactose Free 
1668,Your Price $1.99 each,Lucerne Fat Free Milk - Half Gallon,($0.03 / Fl.oz),dairy-eggs-cheese,"('Lucerne Fat Free Milk ', ' Half Gallon')",True, Half Gallon,Lucerne Fat Free Milk 
1669,Your Price $4.79 each,Fairlife Milk Ultra-Filtered Whole - 52 Fl. Oz.,($0.09 / Fl.oz),dairy-eggs-cheese,"('Fairlife Milk Ultra Filtered Whole', '52 Fl. Oz.')",True,52 Fl. Oz.,Fairlife Milk Ultra Filtered Whole
1670,Your Price $2.99 each,Jewel Whole Milk - 128 Fl. Oz.,($2.99 / Fl.oz),dairy-eggs-cheese,"('Jewel Whole Milk ', ' 128 Fl. Oz.')",True, 128 Fl. Oz.,Jewel Whole Milk 
1671,Your Price $6.99 each,Horizon Organic Whipping Cream Heavy - 1 Pint,($0.44 / Fl.oz),dairy-eggs-cheese,"('Horizon Organic Whipping Cream Heavy ', ' 1 Pint')",True, 1 Pint,Horizon Organic Whipping Cream Heavy 
1672,Your Price $3.99 each,Lucerne Butter Salted Sweet Cream - 16 Oz,($0.25 / Ounce),dairy-eggs-cheese,"('Lucerne Butter Salted Sweet Cream ', ' 16 Oz')",True, 16 Oz,Lucerne Butter Salted Sweet Cream 
1673,Your Price $2.00 each,FAGE Sour Cream - 16 Oz,($0.13 / Ounce),dairy-eggs-cheese,"('FAGE Sour Cream ', ' 16 Oz')",True, 16 Oz,FAGE Sour Cream 
1674,Your Price $3.99 each,Lucerne Unsalted Sweet Cream Butter Quarters - 16 Oz,($0.25 / Ounce),dairy-eggs-cheese,"('Lucerne Unsalted Sweet Cream Butter Quarters ', ' 16 Oz')",True, 16 Oz,Lucerne Unsalted Sweet Cream Butter Quarters 
1675,Your Price $6.49 each,Land O Lakes Salted Butter In Half Sticks 8 Count - 1 Lb,($0.41 / Ounce),dairy-eggs-cheese,"('Land O Lakes Salted Butter In Half Sticks 8 Count ', ' 1 Lb')",True, 1 Lb,Land O Lakes Salted Butter In Half Sticks 8 Count 
1676,Your Price $7.99 each,Country Crock Spread Churn Style - 45 Oz,($0.18 / Ounce),dairy-eggs-cheese,"('Country Crock Spread Churn Style ', ' 45 Oz')",True, 45 Oz,Country Crock Spread Churn Style 
1677,Your Price $3.49 each,Lucerne Sour Cream - 24 Oz,($0.15 / Ounce),dairy-eggs-cheese,"('Lucerne Sour Cream ', ' 24 Oz')",True, 24 Oz,Lucerne Sour Cream 
1678,Your Price $6.99 each,Land O Lakes Spreadable Butter with Canola Oil - 24 Oz,($0.29 / Ounce),dairy-eggs-cheese,"('Land O Lakes Spreadable Butter with Canola Oil ', ' 24 Oz')",True, 24 Oz,Land O Lakes Spreadable Butter with Canola Oil 
1679,Your Price $4.79 each,Kerrygold Pure Irish Butter  - 8 Oz,($0.60 / Ounce),dairy-eggs-cheese,"('Kerrygold Pure Irish Butter  ', ' 8 Oz')",True, 8 Oz,Kerrygold Pure Irish Butter  
1680,Your Price $3.79 each,Daisy Sour Cream Pure & Natural - 24 Oz,($0.16 / Ounce),dairy-eggs-cheese,"('Daisy Sour Cream Pure & Natural ', ' 24 Oz')",True, 24 Oz,Daisy Sour Cream Pure & Natural 
1681,Your Price $9.99 each,Country Crock Spread Original Family Size - 67.5 Oz,($0.15 / Ounce),dairy-eggs-cheese,"('Country Crock Spread Original Family Size ', ' 67.5 Oz')",True, 67.5 Oz,Country Crock Spread Original Family Size 
1682,Your Price $4.49 each,Country Crock Plant Butter Olive Oil - 10.5 Oz,($0.43 / Ounce),dairy-eggs-cheese,"('Country Crock Plant Butter Olive Oil ', ' 10.5 Oz')",True, 10.5 Oz,Country Crock Plant Butter Olive Oil 
1683,Your Price $2.49 each,Lucerne Sour Cream - 16 Oz,($0.16 / Ounce),dairy-eggs-cheese,"('Lucerne Sour Cream ', ' 16 Oz')",True, 16 Oz,Lucerne Sour Cream 
1684,Your Price $6.49 each,Land O Lakes Butter Stick Salted 4 Count - 1 Lb,($0.41 / Ounce),dairy-eggs-cheese,"('Land O Lakes Butter Stick Salted 4 Count ', ' 1 Lb')",True, 1 Lb,Land O Lakes Butter Stick Salted 4 Count 
1685,Your Price $5.79 each,Challenge Butter Salted Grade AA - 16 Oz,($0.36 / Ounce),dairy-eggs-cheese,"('Challenge Butter Salted Grade AA ', ' 16 Oz')",True, 16 Oz,Challenge Butter Salted Grade AA 
1686,Your Price $6.99 each,O Organics Organic Butter Sweet Cream Salted 4 Count - 16 Oz,($0.44 / Ounce),dairy-eggs-cheese,"('O Organics Organic Butter Sweet Cream Salted 4 Count ', ' 16 Oz')",True, 16 Oz,O Organics Organic Butter Sweet Cream Salted 4 Count 
1687,Your Price $2.99 each,Daisy Sour Cream Pure & Natural - 16 Oz,($0.19 / Ounce),dairy-eggs-cheese,"('Daisy Sour Cream Pure & Natural ', ' 16 Oz')",True, 16 Oz,Daisy Sour Cream Pure & Natural 
1688,Your Price $2.99 each,Daisy Sour Cream Pure & Natural Squeeze - 14 Oz,($0.21 / Ounce),dairy-eggs-cheese,"('Daisy Sour Cream Pure & Natural Squeeze ', ' 14 Oz')",True, 14 Oz,Daisy Sour Cream Pure & Natural Squeeze 
1689,Your Price $2.99 each,Daisy Sour Cream Light 50% Less Fat - 16 Oz,($0.19 / Ounce),dairy-eggs-cheese,"('Daisy Sour Cream Light 50% Less Fat ', ' 16 Oz')",True, 16 Oz,Daisy Sour Cream Light 50% Less Fat 
1690,Your Price $4.79 each,Kerrygold Butter Pure Irish Two Sticks - 8 Oz,($0.60 / Ounce),dairy-eggs-cheese,"('Kerrygold Butter Pure Irish Two Sticks ', ' 8 Oz')",True, 8 Oz,Kerrygold Butter Pure Irish Two Sticks 
1691,Your Price $6.99 each,Land O Lakes Butter With Olive Oil And Sea Salt Tub - 21 Oz,($0.33 / Ounce),dairy-eggs-cheese,"('Land O Lakes Butter With Olive Oil And Sea Salt Tub ', ' 21 Oz')",True, 21 Oz,Land O Lakes Butter With Olive Oil And Sea Salt Tub 
1692,Your Price $6.49 each,Land O Lakes Unsalted Butter In Half Sticks 8 Count - 1 Lb,($0.41 / Ounce),dairy-eggs-cheese,"('Land O Lakes Unsalted Butter In Half Sticks 8 Count ', ' 1 Lb')",True, 1 Lb,Land O Lakes Unsalted Butter In Half Sticks 8 Count 
1693,Your Price $5.19 each,Land O Lakes Spreadable Butter with Canola Oil - 15 Oz,($0.35 / Ounce),dairy-eggs-cheese,"('Land O Lakes Spreadable Butter with Canola Oil ', ' 15 Oz')",True, 15 Oz,Land O Lakes Spreadable Butter with Canola Oil 
1694,Your Price $7.99 each,Country Crock Spread Original - 45 Oz,($0.18 / Ounce),dairy-eggs-cheese,"('Country Crock Spread Original ', ' 45 Oz')",True, 45 Oz,Country Crock Spread Original 
1695,Your Price $6.49 each,Land O Lakes Butter Stick Unsalted 4 Count - 1 Lb,($0.41 / Ounce),dairy-eggs-cheese,"('Land O Lakes Butter Stick Unsalted 4 Count ', ' 1 Lb')",True, 1 Lb,Land O Lakes Butter Stick Unsalted 4 Count 
1696,Your Price $6.99 each,Daisy Sour Cream Pure & Natural - 48 Oz,($0.15 / Ounce),dairy-eggs-cheese,"('Daisy Sour Cream Pure & Natural ', ' 48 Oz')",True, 48 Oz,Daisy Sour Cream Pure & Natural 
1697,Your Price $4.79 each,Kerrygold Butter Pure Irish Naturally Softer - 8 Oz,($0.60 / Ounce),dairy-eggs-cheese,"('Kerrygold Butter Pure Irish Naturally Softer ', ' 8 Oz')",True, 8 Oz,Kerrygold Butter Pure Irish Naturally Softer 
1698,Your Price $5.79 each,Challenge Butter Unsalted - 16 Oz,($0.36 / Ounce),dairy-eggs-cheese,"('Challenge Butter Unsalted ', ' 16 Oz')",True, 16 Oz,Challenge Butter Unsalted 
1699,Your Price $6.49 each,Smart Balance Original Buttery Spread - 15 Oz,($0.43 / Ounce),dairy-eggs-cheese,"('Smart Balance Original Buttery Spread ', ' 15 Oz')",True, 15 Oz,Smart Balance Original Buttery Spread 
1700,Your Price $4.79 each,Kerrygold Butter Pure Irish Two Sticks Unsalted - 8 Oz,($0.60 / Ounce),dairy-eggs-cheese,"('Kerrygold Butter Pure Irish Two Sticks Unsalted ', ' 8 Oz')",True, 8 Oz,Kerrygold Butter Pure Irish Two Sticks Unsalted 
1701,Your Price $3.49 each,Tofutti Imitation Sour Cream Milk Free - 12 Oz,($0.29 / Ounce),dairy-eggs-cheese,"('Tofutti Imitation Sour Cream Milk Free ', ' 12 Oz')",True, 12 Oz,Tofutti Imitation Sour Cream Milk Free 
1702,Your Price $3.99 each,ReadyMeals Duo Tuna Salad With Crackers - Each,($3.99 / Each),deli,"('ReadyMeals Duo Tuna Salad With Crackers ', ' Each')",True, Each,ReadyMeals Duo Tuna Salad With Crackers 
1703,Your Price $11.99 each,Ready Meal The Pub Platter Tray Small - EACH,($11.99 / Each),deli,"('Ready Meal The Pub Platter Tray Small ', ' EACH')",True, EACH,Ready Meal The Pub Platter Tray Small 
1704,Your Price $17.99 each,Hormel Gatherings Honey Ham & Turkey Party Tray - 28 Oz.,($0.64 / Ounce),deli,"('Hormel Gatherings Honey Ham & Turkey Party Tray ', ' 28 Oz.')",True, 28 Oz.,Hormel Gatherings Honey Ham & Turkey Party Tray 
1705,Your Price $3.99 each,Ready Meals Quad Pudding Babybel Goldfish Meat Sticks - EA,($3.99 / Each),deli,"('Ready Meals Quad Pudding Babybel Goldfish Meat Sticks ', ' EA')",True, EA,Ready Meals Quad Pudding Babybel Goldfish Meat Sticks 
1706,Your Price $39.99 each,Finger Sandwiches 16 Inch Tray - Each,($39.99 / Each),deli,"('Finger Sandwiches 16 Inch Tray ', ' Each')",True, Each,Finger Sandwiches 16 Inch Tray 
1707,Your Price $24.99 each,Pretzel Slider Snack Square Tray - Each,($24.99 / Each),deli,"('Pretzel Slider Snack Square Tray ', ' Each')",True, Each,Pretzel Slider Snack Square Tray 
1708,Your Price $54.99 each,Pretzel Roll Sliders 16 Inch Tray - Each,($54.99 / Each),deli,"('Pretzel Roll Sliders 16 Inch Tray ', ' Each')",True, Each,Pretzel Roll Sliders 16 Inch Tray 
1709,Your Price $49.99 each,Croissant Sandwich 16 Inch Tray - Each,($49.99 / Each),deli,"('Croissant Sandwich 16 Inch Tray ', ' Each')",True, Each,Croissant Sandwich 16 Inch Tray 
1710,Your Price $49.99 each,Classic Meat & Cheese 12 Inch Tray - Each,($49.99 / Each),deli,"('Classic Meat & Cheese 12 Inch Tray ', ' Each')",True, Each,Classic Meat & Cheese 12 Inch Tray 
1711,Your Price $59.99 each,Fruit & Fine Cheese 16 Inch Tray - Each,($59.99 / Each),deli,"('Fruit & Fine Cheese 16 Inch Tray ', ' Each')",True, Each,Fruit & Fine Cheese 16 Inch Tray 
1712,Your Price $39.99 each,Salad Sandwich 16 Inch Tray - Each,($39.99 / Each),deli,"('Salad Sandwich 16 Inch Tray ', ' Each')",True, Each,Salad Sandwich 16 Inch Tray 
1713,Your Price $19.99 each,Vegetable & Dip Snack Tray - Each,($19.99 / Each),deli,"('Vegetable & Dip Snack Tray ', ' Each')",True, Each,Vegetable & Dip Snack Tray 
1714,Your Price $59.99 each,Hoagie Sandwich 18 Inch Tray - Each,($59.99 / Each),deli,"('Hoagie Sandwich 18 Inch Tray ', ' Each')",True, Each,Hoagie Sandwich 18 Inch Tray 
1715,Your Price $59.99 each,Classic Party Tray 16 Inch - Each,($59.99 / Each),deli,"('Classic Party Tray 16 Inch ', ' Each')",True, Each,Classic Party Tray 16 Inch 
1716,Your Price $5.50  /  eaeach,Cheese Tidbits Tray 0.50 LB,($10.99 / Lb),deli,"('Cheese Tidbits Tray ', '0.50 LB')",False,0.50 LB,Cheese Tidbits Tray 
1717,Your Price $39.99 each,Vegetable & Hummus 16 Inch Tray - Each,($39.99 / Each),deli,"('Vegetable & Hummus 16 Inch Tray ', ' Each')",True, Each,Vegetable & Hummus 16 Inch Tray 
1718,Your Price $69.99 each,Classic Meat & Cheese 16 Inch Tray - Each,($69.99 / Each),deli,"('Classic Meat & Cheese 16 Inch Tray ', ' Each')",True, Each,Classic Meat & Cheese 16 Inch Tray 
1719,Your Price $15.99 each,Boars Head Charcuterie Tray Meat - 12 Oz,($1.33 / Ounce),deli,"('Boars Head Charcuterie Tray Meat ', ' 12 Oz')",True, 12 Oz,Boars Head Charcuterie Tray Meat 
1720,Your Price $24.99 each,Boars Head Deli Catering Tray Sandwich Kids - 8-12 Servings,($24.99 / Each),deli,"('Boars Head Deli Catering Tray Sandwich Kids  12 Servings', '8-')",True,8-,Boars Head Deli Catering Tray Sandwich Kids  12 Servings
1721,Your Price $4.00  /  eaeach,Land O Lakes 30% Less Sodium White American Cheese - 0.50 Lb,($7.99 / Lb),deli,"('Land O Lakes 30% Less Sodium White American Cheese ', ' 0.50 Lb')",True, 0.50 Lb,Land O Lakes 30% Less Sodium White American Cheese 
1722,Your Price $5.99 each,Montchevre Jalapeno Honey Goat Cheese - 4 OZ,($1.50 / Ounce),deli,"('Montchevre Jalapeno Honey Goat Cheese ', ' 4 OZ')",True, 4 OZ,Montchevre Jalapeno Honey Goat Cheese 
1723,Your Price $7.99 each,Primo Taglio Variety Party Cheese Tray - 16 Oz.,($0.50 / Ounce),deli,"('Primo Taglio Variety Party Cheese Tray ', ' 16 Oz.')",True, 16 Oz.,Primo Taglio Variety Party Cheese Tray 
1724,Your Price $5.99 each,Montchevre Goat Log Lemon Zest - 4 OZ,($1.50 / Ounce),deli,"('Montchevre Goat Log Lemon Zest ', ' 4 OZ')",True, 4 OZ,Montchevre Goat Log Lemon Zest 
1725,Your Price $4.99 each,Primo Taglio Cheese American Yellow Vp - 8 OZ,($0.62 / Ounce),deli,"('Primo Taglio Cheese American Yellow Vp ', ' 8 OZ')",True, 8 OZ,Primo Taglio Cheese American Yellow Vp 
1726,Your Price $9.99 each,Montchevre Goat Cheese Log Fresh & Natural - 10.5 Oz,($0.95 / Ounce),deli,"('Montchevre Goat Cheese Log Fresh & Natural ', ' 10.5 Oz')",True, 10.5 Oz,Montchevre Goat Cheese Log Fresh & Natural 
1727,Your Price $4.25  /  eaeach,Primo Taglio Classic Swiss Cheese - 0.50 Lb,($8.49 / Lb),deli,"('Primo Taglio Classic Swiss Cheese ', ' 0.50 Lb')",True, 0.50 Lb,Primo Taglio Classic Swiss Cheese 
1728,Your Price $5.00  /  eaeach,Boars Head Vermont Yellow Cheddar Cheese - 0.50 Lb,($9.99 / Lb),deli,"('Boars Head Vermont Yellow Cheddar Cheese ', ' 0.50 Lb')",True, 0.50 Lb,Boars Head Vermont Yellow Cheddar Cheese 
1729,Your Price $4.25  /  eaeach,Boar's Head American Yellow Cheese - 0.50 Lb,($8.49 / Lb),deli,"(""Boar's Head American Yellow Cheese "", ' 0.50 Lb')",True, 0.50 Lb,Boar's Head American Yellow Cheese 
1730,Your Price $5.99 each,Goat Montecherve 4oz Plain - 4 Oz,($1.50 / Ounce),deli,"('Goat Montecherve 4oz Plain ', ' 4 Oz')",True, 4 Oz,Goat Montecherve 4oz Plain 
1731,Your Price $12.99 each,President Cheese Brie Soft Ripened - 16 Oz,($0.81 / Ounce),deli,"('President Cheese Brie Soft Ripened ', ' 16 Oz')",True, 16 Oz,President Cheese Brie Soft Ripened 
1732,Your Price $6.99 each,Stella Parmesan Cheese - 8 Oz.,($0.87 / Ounce),deli,"('Stella Parmesan Cheese ', ' 8 Oz.')",True, 8 Oz.,Stella Parmesan Cheese 
1733,Your Price $4.25  /  eaeach,Primo Taglio Baby Swiss Cheese - 0.50 Lb.,($8.49 / Lb),deli,"('Primo Taglio Baby Swiss Cheese ', ' 0.50 Lb.')",True, 0.50 Lb.,Primo Taglio Baby Swiss Cheese 
1734,Your Price $4.25  /  eaeach,Boar's Head American White Cheese - 0.50 Lb,($8.49 / Lb),deli,"(""Boar's Head American White Cheese "", ' 0.50 Lb')",True, 0.50 Lb,Boar's Head American White Cheese 
1735,Your Price $3.50  /  eaeach,Primo Taglio Muenster Cheese - 0.50 Lb,($6.99 / Lb),deli,"('Primo Taglio Muenster Cheese ', ' 0.50 Lb')",True, 0.50 Lb,Primo Taglio Muenster Cheese 
1736,Your Price $4.25  /  eaeach,Boar's Head Lower Sodium Provolone Cheese - 0.50 Lb,($8.49 / Lb),deli,"(""Boar's Head Lower Sodium Provolone Cheese "", ' 0.50 Lb')",True, 0.50 Lb,Boar's Head Lower Sodium Provolone Cheese 
1737,Your Price $0.99 each,President Rondele Cream Cheese Original - Each,($0.99 / Ounce),deli,"('President Rondele Cream Cheese Original ', ' Each')",True, Each,President Rondele Cream Cheese Original 
1738,Your Price $7.99 each,President Brie Cheese Mini Wheel - 8 Oz.,($1.00 / Ounce),deli,"('President Brie Cheese Mini Wheel ', ' 8 Oz.')",True, 8 Oz.,President Brie Cheese Mini Wheel 
1739,Your Price $3.75  /  eaeach,Primo Taglio Classic Colby Jack Cheese - 0.50 Lb,($7.49 / Lb),deli,"('Primo Taglio Classic Colby Jack Cheese ', ' 0.50 Lb')",True, 0.50 Lb,Primo Taglio Classic Colby Jack Cheese 
1740,Your Price $5.49 each,Roth Cheese Havarti Original - 6 Oz,($0.92 / Ounce),deli,"('Roth Cheese Havarti Original ', ' 6 Oz')",True, 6 Oz,Roth Cheese Havarti Original 
1741,Your Price $3.99 each,Fiscalini Cheese Smoked Cheddar - 6 OZ,($0.67 / Ounce),deli,"('Fiscalini Cheese Smoked Cheddar ', ' 6 OZ')",True, 6 OZ,Fiscalini Cheese Smoked Cheddar 
1742,Your Price $3.99 each,Kaukauna Sharp Cheddar Spreadable Cheese with Almonds - 6 Oz,($0.67 / Ounce),deli,"('Kaukauna Sharp Cheddar Spreadable Cheese with Almonds ', ' 6 Oz')",True, 6 Oz,Kaukauna Sharp Cheddar Spreadable Cheese with Almonds 
1743,Your Price $5.99 each,Treasure Cave Cheese Blue Crumbled - 5 Oz,($1.20 / Ounce),deli,"('Treasure Cave Cheese Blue Crumbled ', ' 5 Oz')",True, 5 Oz,Treasure Cave Cheese Blue Crumbled 
1744,Your Price $5.00  /  eaeach,Boars Head Vermont White Cheddar Cheese - 0.50 Lb.,($9.99 / Lb),deli,"('Boars Head Vermont White Cheddar Cheese ', ' 0.50 Lb.')",True, 0.50 Lb.,Boars Head Vermont White Cheddar Cheese 
1745,Your Price $8.99 each,Supreme Cheese Brie Oval - 7 Oz,($1.28 / Ounce),deli,"('Supreme Cheese Brie Oval ', ' 7 Oz')",True, 7 Oz,Supreme Cheese Brie Oval 
1746,Your Price $4.99 each,Primo Taglio Cheese Muenster Mild And Creamy Sliced - 8 Oz,($0.62 / Ounce),deli,"('Primo Taglio Cheese Muenster Mild And Creamy Sliced ', ' 8 Oz')",True, 8 Oz,Primo Taglio Cheese Muenster Mild And Creamy Sliced 
1747,Your Price $4.99 each,Primo Taglio Havarti Cheese - 7 Oz,($0.71 / Ounce),deli,"('Primo Taglio Havarti Cheese ', ' 7 Oz')",True, 7 Oz,Primo Taglio Havarti Cheese 
1748,Your Price $6.00  /  eaeach,Boars Head Sharp Wisconsin Yellow Cheddar Cheese - 0.50 Lb,($11.99 / Lb),deli,"('Boars Head Sharp Wisconsin Yellow Cheddar Cheese ', ' 0.50 Lb')",True, 0.50 Lb,Boars Head Sharp Wisconsin Yellow Cheddar Cheese 
1749,Your Price $7.99 each,Mini Babybel Original Snack Cheese 12 Count - 9 Oz,($0.89 / Ounce),deli,"('Mini Babybel Original Snack Cheese 12 Count ', ' 9 Oz')",True, 9 Oz,Mini Babybel Original Snack Cheese 12 Count 
1750,Your Price $5.99 each,Alouette Creme De Brie Spread Original - 5 Oz,($1.20 / Ounce),deli,"('Alouette Creme De Brie Spread Original ', ' 5 Oz')",True, 5 Oz,Alouette Creme De Brie Spread Original 
1751,Your Price $6.00  /  eaeach,Boars Head Baby Swiss Cheese - 0.50 Lb,($11.99 / Lb),deli,"('Boars Head Baby Swiss Cheese ', ' 0.50 Lb')",True, 0.50 Lb,Boars Head Baby Swiss Cheese 
1752,Your Price $3.99 each,The Laughing Cow Creamy Original Cheese Spread - 6 Oz,($0.67 / Ounce),deli,"('The Laughing Cow Creamy Original Cheese Spread ', ' 6 Oz')",True, 6 Oz,The Laughing Cow Creamy Original Cheese Spread 
1753,Your Price $11.99 each,La Terra Fina Classic Lorraine Quiche - 23 Oz,($0.52 / Ounce),deli,"('La Terra Fina Classic Lorraine Quiche ', ' 23 Oz')",True, 23 Oz,La Terra Fina Classic Lorraine Quiche 
1754,Your Price $11.99 each,La Terra Fina Spinach And Artichoke Quiche - 23 Oz,($0.52 / Ounce),deli,"('La Terra Fina Spinach And Artichoke Quiche ', ' 23 Oz')",True, 23 Oz,La Terra Fina Spinach And Artichoke Quiche 
1755,Your Price $6.00 each,ReadyMeals Chicken Pot Pie Cold - Each (720 Cal),($6.00 / Each),deli,"('ReadyMeals Chicken Pot Pie Cold ', ' Each (720 Cal)')",True, Each (720 Cal),ReadyMeals Chicken Pot Pie Cold 
1756,Your Price $4.99 each,Resers Main St. Bistro Mashed Potatoes Signature - 24 Oz,($3.33 / Pound),deli,"('Resers Main St. Bistro Mashed Potatoes Signature ', ' 24 Oz')",True, 24 Oz,Resers Main St. Bistro Mashed Potatoes Signature 
1757,Your Price $15.99 each,Giovanni Rana Meat Lasagna - 40 OZ,($0.40 / Ounce),deli,"('Giovanni Rana Meat Lasagna ', ' 40 OZ')",True, 40 OZ,Giovanni Rana Meat Lasagna 
1758,Your Price $5.49 each,Resers Main St. Bistro Baked Potatoes Scalloped - 20 Oz,($0.27 / Ounce),deli,"('Resers Main St. Bistro Baked Potatoes Scalloped ', ' 20 Oz')",True, 20 Oz,Resers Main St. Bistro Baked Potatoes Scalloped 
1759,Your Price $8.99 each,Ready Meals Meatloaf Cold - 18 OZ,($8.99 / Each),deli,"('Ready Meals Meatloaf Cold ', ' 18 OZ')",True, 18 OZ,Ready Meals Meatloaf Cold 
1760,Your Price $4.99 each,Bob Evans Mashed Potatoes Garlic - 24 Oz,($0.21 / Ounce),deli,"('Bob Evans Mashed Potatoes Garlic ', ' 24 Oz')",True, 24 Oz,Bob Evans Mashed Potatoes Garlic 
1761,Your Price $6.00 each,ReadyMeals Chicken Tenders With Mac N Cheese - EA,($6.00 / Each),deli,"('ReadyMeals Chicken Tenders With Mac N Cheese ', ' EA')",True, EA,ReadyMeals Chicken Tenders With Mac N Cheese 
1762,Your Price $15.99 each,Rana Meal Chicken Fettuccine Alfredo Sauce - 39 Oz,($0.41 / Ounce),deli,"('Rana Meal Chicken Fettuccine Alfredo Sauce ', ' 39 Oz')",True, 39 Oz,Rana Meal Chicken Fettuccine Alfredo Sauce 
1763,Your Price $8.99 each,Giovanni Rana Shrimp Scampi Fettuccine - 16 Oz.,($0.56 / Ounce),deli,"('Giovanni Rana Shrimp Scampi Fettuccine ', ' 16 Oz.')",True, 16 Oz.,Giovanni Rana Shrimp Scampi Fettuccine 
1764,Your Price $6.00 each,Giovanni Rana Single Serve Meat Lasagna - 12 Oz.,($0.50 / Ounce),deli,"('Giovanni Rana Single Serve Meat Lasagna ', ' 12 Oz.')",True, 12 Oz.,Giovanni Rana Single Serve Meat Lasagna 
1765,Your Price $3.29 each,Rana Gnocchi Skillet - 12 Oz,($0.27 / Ounce),deli,"('Rana Gnocchi Skillet ', ' 12 Oz')",True, 12 Oz,Rana Gnocchi Skillet 
1766,Your Price $15.99 each,Giovanni Rana Five Cheese Lasagna - 40 OZ,($0.40 / Ounce),deli,"('Giovanni Rana Five Cheese Lasagna ', ' 40 OZ')",True, 40 OZ,Giovanni Rana Five Cheese Lasagna 
1767,Your Price $8.99 each,Giovanni Rana Single Serve Chicken Marsala Linguine - 16 Oz.,($0.56 / Ounce),deli,"('Giovanni Rana Single Serve Chicken Marsala Linguine ', ' 16 Oz.')",True, 16 Oz.,Giovanni Rana Single Serve Chicken Marsala Linguine 
1768,Your Price $4.99 each,Bob Evans Mashed Potatoes Loaded - 20 Oz,($0.25 / Ounce),deli,"('Bob Evans Mashed Potatoes Loaded ', ' 20 Oz')",True, 20 Oz,Bob Evans Mashed Potatoes Loaded 
1769,Your Price $8.99 each,Signature Cafe A La Carte Side Green Bean Casserole - 30 OZ,($0.30 / Ounce),deli,"('Signature Cafe A La Carte Side Green Bean Casserole ', ' 30 OZ')",True, 30 OZ,Signature Cafe A La Carte Side Green Bean Casserole 
1770,Your Price $6.00 each,Deli Chicken Parmesan With Spaghetti - 14 Oz,($6.00 / Each),deli,"('Deli Chicken Parmesan With Spaghetti ', ' 14 Oz')",True, 14 Oz,Deli Chicken Parmesan With Spaghetti 
1771,Your Price $4.99 each,Signature Cafe Pepperoni Calzone - 8 OZ,($0.62 / Ounce),deli,"('Signature Cafe Pepperoni Calzone ', ' 8 OZ')",True, 8 OZ,Signature Cafe Pepperoni Calzone 
1772,Your Price $4.99 each,Bob Evans Mashed Potatoes Original - 24 Oz,($0.21 / Ounce),deli,"('Bob Evans Mashed Potatoes Original ', ' 24 Oz')",True, 24 Oz,Bob Evans Mashed Potatoes Original 
1773,Your Price $4.49 each,Signature Cafe Mashed Potatoes - 14 Oz.,($0.32 / Ounce),deli,"('Signature Cafe Mashed Potatoes ', ' 14 Oz.')",True, 14 Oz.,Signature Cafe Mashed Potatoes 
1774,Your Price $5.99 each,Signature Cafe Seasonal Favorites Apples Spiced - 16 Oz,($0.37 / Ounce),deli,"('Signature Cafe Seasonal Favorites Apples Spiced ', ' 16 Oz')",True, 16 Oz,Signature Cafe Seasonal Favorites Apples Spiced 
1775,Your Price $7.99 each,Signature Cafe Stuffing Homestyle - 28 OZ,($0.29 / Ounce),deli,"('Signature Cafe Stuffing Homestyle ', ' 28 OZ')",True, 28 OZ,Signature Cafe Stuffing Homestyle 
1776,Your Price $5.50  /  eaeach,Primo Taglio Carving Roast Beef Cold - 0.50 Lb,($10.99 / Lb),deli,"('Primo Taglio Carving Roast Beef Cold ', ' 0.50 Lb')",True, 0.50 Lb,Primo Taglio Carving Roast Beef Cold 
1777,Your Price $12.99 each,Columbus Italian Dry Salame - 12 Oz.,($1.08 / Ounce),deli,"('Columbus Italian Dry Salame ', ' 12 Oz.')",True, 12 Oz.,Columbus Italian Dry Salame 
1778,Your Price $3.50  /  eaeach,Krakus Polish Deli Ham - 0.50 Lb,($6.99 / Lb),deli,"('Krakus Polish Deli Ham ', ' 0.50 Lb')",True, 0.50 Lb,Krakus Polish Deli Ham 
1779,Your Price $8.99 each,Columbus Pepper Salame Chub - 8 Oz,($1.12 / Ounce),deli,"('Columbus Pepper Salame Chub ', ' 8 Oz')",True, 8 Oz,Columbus Pepper Salame Chub 
1780,Your Price $11.99 each,Primo Taglio Salame Charcuterie Trio - 12 OZ,($1.00 / Ounce),deli,"('Primo Taglio Salame Charcuterie Trio ', ' 12 OZ')",True, 12 OZ,Primo Taglio Salame Charcuterie Trio 
1781,Your Price $7.49 each,Columbus Salame Peppered - 4 Oz,($1.87 / Ounce),deli,"('Columbus Salame Peppered ', ' 4 Oz')",True, 4 Oz,Columbus Salame Peppered 
1782,Your Price $5.00  /  eaeach,Boars Head Cracked Peppermill Turkey - 0.50 Lb,($9.99 / Lb),deli,"('Boars Head Cracked Peppermill Turkey ', ' 0.50 Lb')",True, 0.50 Lb,Boars Head Cracked Peppermill Turkey 
1783,Your Price $5.00  /  eaeach,Boars Head Maple Glazed Honey Ham - 0.50 Lb,($9.99 / Lb),deli,"('Boars Head Maple Glazed Honey Ham ', ' 0.50 Lb')",True, 0.50 Lb,Boars Head Maple Glazed Honey Ham 
1784,Your Price $3.00  /  eaeach,Primo Taglio Virginia Ham - 0.50 Lb.,($5.99 / Lb),deli,"('Primo Taglio Virginia Ham ', ' 0.50 Lb.')",True, 0.50 Lb.,Primo Taglio Virginia Ham 
1785,Your Price $12.99 each,Columbus Charcuterie Trio - 12 Oz.,($1.08 / Ounce),deli,"('Columbus Charcuterie Trio ', ' 12 Oz.')",True, 12 Oz.,Columbus Charcuterie Trio 
1786,Your Price $5.99 each,Signature SELECT Black Forest Ham Sliced - 16 Oz,($0.37 / Ounce),deli,"('Signature SELECT Black Forest Ham Sliced ', ' 16 Oz')",True, 16 Oz,Signature SELECT Black Forest Ham Sliced 
1787,Your Price $7.49 each,Columbus P/S Genoa Salami - 4 Oz,($1.87 / Ounce),deli,"('Columbus P/S Genoa Salami ', ' 4 Oz')",True, 4 Oz,Columbus P/S Genoa Salami 
1788,Your Price $5.00  /  eaeach,Boars Head 46% Lower Sodium Turkey - 0.50 Lb,($9.99 / Lb),deli,"('Boars Head 46% Lower Sodium Turkey ', ' 0.50 Lb')",True, 0.50 Lb,Boars Head 46% Lower Sodium Turkey 
1789,Your Price $8.00  /  eaeach,Boars Head London Broil Roast Beef - 0.50 Lb,($15.99 / Lb),deli,"('Boars Head London Broil Roast Beef ', ' 0.50 Lb')",True, 0.50 Lb,Boars Head London Broil Roast Beef 
1790,Your Price $5.00  /  eaeach,Kretschmar Mesquite Turkey Breast - 0.50 Lb,($9.99 / Lb),deli,"('Kretschmar Mesquite Turkey Breast ', ' 0.50 Lb')",True, 0.50 Lb,Kretschmar Mesquite Turkey Breast 
1791,Your Price $5.00  /  eaeach,Boars Head Deluxe Ham - 0.50 Lb,($9.99 / Lb),deli,"('Boars Head Deluxe Ham ', ' 0.50 Lb')",True, 0.50 Lb,Boars Head Deluxe Ham 
1792,Your Price $4.50  /  eaeach,Honey Baked Oven Roasted Turkey Breast - .5 Lb,($8.99 / Lb),deli,"('Honey Baked Oven Roasted Turkey Breast ', ' .5 Lb')",True, .5 Lb,Honey Baked Oven Roasted Turkey Breast 
1793,Your Price $8.99 each,Honey Baked Smoked Maple Turkey Breast - 13.5 Lb,($8.99 / Lb),deli,"('Honey Baked Smoked Maple Turkey Breast ', ' 13.5 Lb')",True, 13.5 Lb,Honey Baked Smoked Maple Turkey Breast 
1794,Your Price $8.49 each,Applegate Natural Roasted Turkey Breast - 7 Oz.,($1.21 / Ounce),deli,"('Applegate Natural Roasted Turkey Breast ', ' 7 Oz.')",True, 7 Oz.,Applegate Natural Roasted Turkey Breast 
1795,Your Price $6.00  /  eaeach,Primo Taglio London Broil - 0.5 LB,($11.99 / Lb),deli,"('Primo Taglio London Broil ', ' 0.5 LB')",True, 0.5 LB,Primo Taglio London Broil 
1796,Your Price $5.00  /  eaeach,Boars Head Mesquite Wood Smoked Turkey - 0.50 Lb,($9.99 / Lb),deli,"('Boars Head Mesquite Wood Smoked Turkey ', ' 0.50 Lb')",True, 0.50 Lb,Boars Head Mesquite Wood Smoked Turkey 
1797,Your Price $3.50  /  eaeach,Primo Taglio Classics Hard Salami - 0.50 Lb,($6.99 / Lb),deli,"('Primo Taglio Classics Hard Salami ', ' 0.50 Lb')",True, 0.50 Lb,Primo Taglio Classics Hard Salami 
1798,Your Price $3.00  /  eaeach,Primo Taglio Honey Ham - 0.50 Lb,($5.99 / Lb),deli,"('Primo Taglio Honey Ham ', ' 0.50 Lb')",True, 0.50 Lb,Primo Taglio Honey Ham 
1799,Your Price $5.00  /  eaeach,Boars Head Honey Smoked Turkey - 0.50 Lb,($9.99 / Lb),deli,"('Boars Head Honey Smoked Turkey ', ' 0.50 Lb')",True, 0.50 Lb,Boars Head Honey Smoked Turkey 
1800,Your Price $7.99 each,Primo Taglio Italian Dry Salame - 12 Oz.,($0.67 / Ounce),deli,"('Primo Taglio Italian Dry Salame ', ' 12 Oz.')",True, 12 Oz.,Primo Taglio Italian Dry Salame 
1801,Your Price $5.00  /  eaeach,Boars Head Pitcraft Smoked Turkey Breast - 0.50 Lb,($9.99 / Lb),deli,"('Boars Head Pitcraft Smoked Turkey Breast ', ' 0.50 Lb')",True, 0.50 Lb,Boars Head Pitcraft Smoked Turkey Breast 
1802,Your Price $5.00  /  eaeach,Boars Head EverRoast Chicken - 0.50 Lb,($9.99 / Lb),deli,"('Boars Head EverRoast Chicken ', ' 0.50 Lb')",True, 0.50 Lb,Boars Head EverRoast Chicken 
1803,Your Price $5.00  /  eaeach,Boars Head Blazing Buffalo Chicken - 0.50 Lb,($9.99 / Lb),deli,"('Boars Head Blazing Buffalo Chicken ', ' 0.50 Lb')",True, 0.50 Lb,Boars Head Blazing Buffalo Chicken 
1804,Your Price $4.50  /  eaeach,Boar's Head Low Sodium Deluxe Ham - 0.50 Lb,($8.99 / Lb),deli,"(""Boar's Head Low Sodium Deluxe Ham "", ' 0.50 Lb')",True, 0.50 Lb,Boar's Head Low Sodium Deluxe Ham 
1805,Your Price $6.00  /  eaeach,Boars Head Hard Salami - 0.50 Lb,($11.99 / Lb),deli,"('Boars Head Hard Salami ', ' 0.50 Lb')",True, 0.50 Lb,Boars Head Hard Salami 
1806,Your Price $4.99 each,Signature Cafe Dip Spinach Artichoke - 10 Oz,($7.98 / Pound),deli,"('Signature Cafe Dip Spinach Artichoke ', ' 10 Oz')",True, 10 Oz,Signature Cafe Dip Spinach Artichoke 
1807,Your Price $8.99 each,Signature Cafe 6 Layer Dip - 30 Oz.,($0.32 / Ounce),deli,"('Signature Cafe 6 Layer Dip ', ' 30 Oz.')",True, 30 Oz.,Signature Cafe 6 Layer Dip 
1808,Your Price $3.00 each,Tribe Hummus All Natural Roasted Garlic - 8 Oz,($0.38 / Ounce),deli,"('Tribe Hummus All Natural Roasted Garlic ', ' 8 Oz')",True, 8 Oz,Tribe Hummus All Natural Roasted Garlic 
1809,Your Price $4.99 each,Signature Cafe Dip Spinach - 12 Oz,($0.42 / Ounce),deli,"('Signature Cafe Dip Spinach ', ' 12 Oz')",True, 12 Oz,Signature Cafe Dip Spinach 
1810,Your Price $6.49 each,Sabra Roasted Red Pepper Hummus Family Size - 17 Oz.,($0.38 / Ounce),deli,"('Sabra Roasted Red Pepper Hummus Family Size ', ' 17 Oz.')",True, 17 Oz.,Sabra Roasted Red Pepper Hummus Family Size 
1811,Your Price $6.49 each,Sabra Classic Hummus - 17 Oz.,($0.38 / Ounce),deli,"('Sabra Classic Hummus ', ' 17 Oz.')",True, 17 Oz.,Sabra Classic Hummus 
1812,Your Price $4.49 each,Sabra Classic Hummus - 10 Oz.,($0.45 / Ounce),deli,"('Sabra Classic Hummus ', ' 10 Oz.')",True, 10 Oz.,Sabra Classic Hummus 
1813,Your Price $4.49 each,Sabra Roasted Pine Nut Hummus - 10 Oz.,($0.45 / Ounce),deli,"('Sabra Roasted Pine Nut Hummus ', ' 10 Oz.')",True, 10 Oz.,Sabra Roasted Pine Nut Hummus 
1814,Your Price $4.49 each,Sabra Roasted Garlic Hummus - 10 Oz.,($0.45 / Ounce),deli,"('Sabra Roasted Garlic Hummus ', ' 10 Oz.')",True, 10 Oz.,Sabra Roasted Garlic Hummus 
1815,Your Price $4.79 each,Signature Cafe Traditional Guacamole - 8 Oz.,($0.60 / Ounce),deli,"('Signature Cafe Traditional Guacamole ', ' 8 Oz.')",True, 8 Oz.,Signature Cafe Traditional Guacamole 
1816,Your Price $6.99 each,Sabra Classic Hummus Singls - 6 Count - 2 Oz.,($0.58 / Ounce),deli,"('Sabra Classic Hummus Singls  ', '6 Count2 Oz.')",True,6 Count2 Oz.,Sabra Classic Hummus Singls  
1817,Your Price $8.99 each,Sabra Hummus Classic - 25 Oz,($0.36 / Ounce),deli,"('Sabra Hummus Classic ', ' 25 Oz')",True, 25 Oz,Sabra Hummus Classic 
1818,Your Price $4.99 each,Signature Cafe Spicy Street Corn Dip - 10 Oz.,($0.50 / Ounce),deli,"('Signature Cafe Spicy Street Corn Dip ', ' 10 Oz.')",True, 10 Oz.,Signature Cafe Spicy Street Corn Dip 
1819,Your Price $4.49 each,Sabra Greek Olive Tapenade Hummus - 10 Oz,($0.45 / Ounce),deli,"('Sabra Greek Olive Tapenade Hummus ', ' 10 Oz')",True, 10 Oz,Sabra Greek Olive Tapenade Hummus 
1820,Your Price $2.99 each,Deans Dip Cool N Creamy French Onion - 16 Oz,($0.19 / Ounce),deli,"('Deans Dip Cool N Creamy French Onion ', ' 16 Oz')",True, 16 Oz,Deans Dip Cool N Creamy French Onion 
1821,Your Price $4.49 each,Sabra Roasted Red Pepper Hummus - 10 Oz,($0.45 / Ounce),deli,"('Sabra Roasted Red Pepper Hummus ', ' 10 Oz')",True, 10 Oz,Sabra Roasted Red Pepper Hummus 
1822,Your Price $6.49 each,Sabra Roasted Garlic Hummus - 17 Oz.,($0.38 / Ounce),deli,"('Sabra Roasted Garlic Hummus ', ' 17 Oz.')",True, 17 Oz.,Sabra Roasted Garlic Hummus 
1823,Your Price $6.49 each,Signature Cafe Chicken Dip Buffalo Style - 10 Oz,($0.65 / Ounce),deli,"('Signature Cafe Chicken Dip Buffalo Style ', ' 10 Oz')",True, 10 Oz,Signature Cafe Chicken Dip Buffalo Style 
1824,Your Price $3.49 each,O Organic Roasted Garlic Hummus - 10 Oz.,($0.35 / Ounce),deli,"('O Organic Roasted Garlic Hummus ', ' 10 Oz.')",True, 10 Oz.,O Organic Roasted Garlic Hummus 
1825,Your Price $3.99 each,Signature Cafe Hummus Topped Roasted Red Pepper - 10 Oz,($0.40 / Ounce),deli,"('Signature Cafe Hummus Topped Roasted Red Pepper ', ' 10 Oz')",True, 10 Oz,Signature Cafe Hummus Topped Roasted Red Pepper 
1826,Your Price $5.49 each,Cedars Tzatziki Cucumber Garlic Dill Tub - 12 Oz,($0.46 / Ounce),deli,"('Cedars Tzatziki Cucumber Garlic Dill Tub ', ' 12 Oz')",True, 12 Oz,Cedars Tzatziki Cucumber Garlic Dill Tub 
1827,Your Price $3.49 each,O Organic Traditional Hummus - 10 Oz.,($0.35 / Ounce),deli,"('O Organic Traditional Hummus ', ' 10 Oz.')",True, 10 Oz.,O Organic Traditional Hummus 
1828,Your Price $4.99 each,Signature Cafe Dip Yogurt Tzatziki - 10 Oz,($0.50 / Ounce),deli,"('Signature Cafe Dip Yogurt Tzatziki ', ' 10 Oz')",True, 10 Oz,Signature Cafe Dip Yogurt Tzatziki 
1829,Your Price $4.99 each,Signature Cafe Spicy Mexicali Dip - 11 Oz.,($0.45 / Ounce),deli,"('Signature Cafe Spicy Mexicali Dip ', ' 11 Oz.')",True, 11 Oz.,Signature Cafe Spicy Mexicali Dip 
1830,Your Price $5.49 each,O Organic Traditional Hummus Party Size - 16 oz.,($0.34 / Ounce),deli,"('O Organic Traditional Hummus Party Size ', ' 16 oz.')",True, 16 oz.,O Organic Traditional Hummus Party Size 
1831,Your Price $6.49 each,Jwl Small Taco Dip 4 - 15.25 Oz,($0.43 / Ounce),deli,"('Jwl Small Taco Dip 4 ', ' 15.25 Oz')",True, 15.25 Oz,Jwl Small Taco Dip 4 
1832,Your Price $4.49 each,Sabra Supremely Spicy Hummus - 10 Oz.,($0.45 / Ounce),deli,"('Sabra Supremely Spicy Hummus ', ' 10 Oz.')",True, 10 Oz.,Sabra Supremely Spicy Hummus 
1833,Your Price $4.99 each,Signature Cafe Dip Artichoke Parmesan - 10 Oz,($0.50 / Ounce),deli,"('Signature Cafe Dip Artichoke Parmesan ', ' 10 Oz')",True, 10 Oz,Signature Cafe Dip Artichoke Parmesan 
1834,Your Price $7.49 each,Yucatan Guacamole Restaurant Style - 16 Oz,($0.47 / Ounce),deli,"('Yucatan Guacamole Restaurant Style ', ' 16 Oz')",True, 16 Oz,Yucatan Guacamole Restaurant Style 
1835,Your Price $4.49 each,Hummus Everything Bagel - 10 OZ,($0.45 / Ounce),deli,"('Hummus Everything Bagel ', ' 10 OZ')",True, 10 OZ,Hummus Everything Bagel 
1836,Your Price $8.91 each,ReadyMeal Seafood Salad Cold - LB,($8.49 / Lb),deli,"('ReadyMeal Seafood Salad Cold ', ' LB')",True, LB,ReadyMeal Seafood Salad Cold 
1837,Your Price $4.25  /  eaeach,Seafood Salad - 0.50 Lb,($8.49 / Lb),deli,"('Seafood Salad ', ' 0.50 Lb')",True, 0.50 Lb,Seafood Salad 
1838,Your Price $3.50  /  eaeach,Premium Broccoli Salad - 0.50 Lb,($6.99 / Lb),deli,"('Premium Broccoli Salad ', ' 0.50 Lb')",True, 0.50 Lb,Premium Broccoli Salad 
1839,Your Price $4.49 each,Resers Potato Salad Deviled Egg - 1 Lb,($0.28 / Ounce),deli,"('Resers Potato Salad Deviled Egg ', ' 1 Lb')",True, 1 Lb,Resers Potato Salad Deviled Egg 
1840,Your Price $3.99 each,Signature Cafe Classic Macaroni Salad - 16 Oz,($0.25 / Ounce),deli,"('Signature Cafe Classic Macaroni Salad ', ' 16 Oz')",True, 16 Oz,Signature Cafe Classic Macaroni Salad 
1841,Your Price $3.99 each,Signature Cafe Classic Potato Salad - 16 Oz,($0.25 / Ounce),deli,"('Signature Cafe Classic Potato Salad ', ' 16 Oz')",True, 16 Oz,Signature Cafe Classic Potato Salad 
1842,Your Price $8.99 each,Signature Cafe Classic Potato Salad - 3 Lb,($0.19 / Ounce),deli,"('Signature Cafe Classic Potato Salad ', ' 3 Lb')",True, 3 Lb,Signature Cafe Classic Potato Salad 
1843,Your Price $8.99 each,Signature Cafe Classic Macaroni Salad - 2.75 Lb,($3.27 / Lb),deli,"('Signature Cafe Classic Macaroni Salad ', ' 2.75 Lb')",True, 2.75 Lb,Signature Cafe Classic Macaroni Salad 
1844,Your Price $8.39 each,ReadyMeal Lemon Capellini W/arugula Salad Cold - LB,($7.99 / Lb),deli,"('ReadyMeal Lemon Capellini W/arugula Salad Cold ', ' LB')",True, LB,ReadyMeal Lemon Capellini W/arugula Salad Cold 
1845,Your Price $3.99 each,Signature Cafe Classic Coleslaw - 15 Oz.,($0.27 / Ounce),deli,"('Signature Cafe Classic Coleslaw ', ' 15 Oz.')",True, 15 Oz.,Signature Cafe Classic Coleslaw 
1846,Your Price $6.49 each,Resers Salad Tuna - 12 Oz.,($0.54 / Ounce),deli,"('Resers Salad Tuna ', ' 12 Oz.')",True, 12 Oz.,Resers Salad Tuna 
1847,Your Price $3.75  /  eaeach,Taylor Farms Crunchy Veggie Salad - 0.50 Lb,($7.49 / Lb),deli,"('Taylor Farms Crunchy Veggie Salad ', ' 0.50 Lb')",True, 0.50 Lb,Taylor Farms Crunchy Veggie Salad 
1848,Your Price $3.25  /  eaeach,Deli Chicago Style Chopped Salad - 0.50 Lb,($6.49 / Lb),deli,"('Deli Chicago Style Chopped Salad ', ' 0.50 Lb')",True, 0.50 Lb,Deli Chicago Style Chopped Salad 
1849,Your Price $3.99 each,Signature CafÃ© Loaded Potato Salad - 16 Oz,($0.25 / Ounce),deli,"('Signature CafÃ© Loaded Potato Salad ', ' 16 Oz')",True, 16 Oz,Signature CafÃ© Loaded Potato Salad 
1850,Your Price $3.99 each,Resers Relish Cranberry Orange - 12 Oz,($0.33 / Ounce),deli,"('Resers Relish Cranberry Orange ', ' 12 Oz')",True, 12 Oz,Resers Relish Cranberry Orange 
1851,Your Price $2.75  /  eaeach,Deli Pasta Italiano - 0.50 Lb,($5.49 / Lb),deli,"('Deli Pasta Italiano ', ' 0.50 Lb')",True, 0.50 Lb,Deli Pasta Italiano 
1852,Your Price $3.99 each,ReadyMeals Combo Tuna Salad - Each (440 Cal),($3.99 / Each),deli,"('ReadyMeals Combo Tuna Salad ', ' Each (440 Cal)')",True, Each (440 Cal),ReadyMeals Combo Tuna Salad 
1853,Your Price $4.50  /  eaeach,Deli Tuna Salad - 0.50 Lb,($8.99 / Lb),deli,"('Deli Tuna Salad ', ' 0.50 Lb')",True, 0.50 Lb,Deli Tuna Salad 
1854,Your Price $4.50  /  eaeach,Deli Rotisserie Chicken Salad - 0.50 Lb,($8.99 / Lb),deli,"('Deli Rotisserie Chicken Salad ', ' 0.50 Lb')",True, 0.50 Lb,Deli Rotisserie Chicken Salad 
1855,Your Price $3.99 each,Signature CafÃ© Mustard Potato Salad - 16 Oz,($0.25 / Ounce),deli,"('Signature CafÃ© Mustard Potato Salad ', ' 16 Oz')",True, 16 Oz,Signature CafÃ© Mustard Potato Salad 
1856,Your Price $5.00  /  eaeach,Taylor Farms White Meat Chicken Salad - 0.50 Lb,($9.99 / Lb),deli,"('Taylor Farms White Meat Chicken Salad ', ' 0.50 Lb')",True, 0.50 Lb,Taylor Farms White Meat Chicken Salad 
1857,Your Price $4.25  /  eaeach,Parmesan Bowtie Pasta Salad - 0.50 Lb,($8.49 / Lb),deli,"('Parmesan Bowtie Pasta Salad ', ' 0.50 Lb')",True, 0.50 Lb,Parmesan Bowtie Pasta Salad 
1858,Your Price $5.99 each,Deli Chef Salad - 12 Oz (290 Cal),($5.99 / Each),deli,"('Deli Chef Salad ', ' 12 Oz (290 Cal)')",True, 12 Oz (290 Cal),Deli Chef Salad 
1859,Your Price $3.99 each,ReadyMeal Turkey & Cheese Combo - Each,($3.99 / Each),deli,"('ReadyMeal Turkey & Cheese Combo ', ' Each')",True, Each,ReadyMeal Turkey & Cheese Combo 
1860,Your Price $8.91 each,ReadyMeal Parmesan Bowtie Pasta Salad Cold - LB,($8.49 / Lb),deli,"('ReadyMeal Parmesan Bowtie Pasta Salad Cold ', ' LB')",True, LB,ReadyMeal Parmesan Bowtie Pasta Salad Cold 
1861,Your Price $4.49 each,Resers Potato Salad Red Skin - 16 Oz,($0.28 / Ounce),deli,"('Resers Potato Salad Red Skin ', ' 16 Oz')",True, 16 Oz,Resers Potato Salad Red Skin 
1862,Your Price $5.99 each,Deli Caesar Salad With Chicken - 11 Oz (360 Cal),($5.99 / Each),deli,"('Deli Caesar Salad With Chicken ', ' 11 Oz (360 Cal)')",True, 11 Oz (360 Cal),Deli Caesar Salad With Chicken 
1863,Your Price $3.99 each,ReadyMeal Salami & Cheese Combo - Each (770 Cal),($3.99 / Each),deli,"('ReadyMeal Salami & Cheese Combo ', ' Each (770 Cal)')",True, Each (770 Cal),ReadyMeal Salami & Cheese Combo 
1864,Your Price $9.99 each,Resers Mustard Potato Salad - 48 Oz,($3.33 / Lb),deli,"('Resers Mustard Potato Salad ', ' 48 Oz')",True, 48 Oz,Resers Mustard Potato Salad 
1865,Your Price $3.99 each,ReadyMeal Protein Combo - Each (680 Cal),($3.99 / Each),deli,"('ReadyMeal Protein Combo ', ' Each (680 Cal)')",True, Each (680 Cal),ReadyMeal Protein Combo 
1866,Your Price $12.99 each,DeLallo Antipasto Gourmet Tray - 16 Oz,($0.81 / Ounce),deli,"('DeLallo Antipasto Gourmet Tray ', ' 16 Oz')",True, 16 Oz,DeLallo Antipasto Gourmet Tray 
1867,Your Price $4.99 each,Kings Hawaiian Savory Butter Rolls - 12 Count - 12 oz.,($0.42 / Ounce),deli,"('Kings Hawaiian Savory Butter Rolls  ', '12 Count12 oz.')",True,12 Count12 oz.,Kings Hawaiian Savory Butter Rolls  
1868,Your Price $6.49 each,Signature Reserve Olives Calamata Pitted Marinated - 7 OZ,($0.93 / Ounce),deli,"('Signature Reserve Olives Calamata Pitted Marinated ', ' 7 OZ')",True, 7 OZ,Signature Reserve Olives Calamata Pitted Marinated 
1869,Your Price $6.49 each,Signature Reserve Olives Medley Pitted Marinated - 7 OZ,($0.93 / Ounce),deli,"('Signature Reserve Olives Medley Pitted Marinated ', ' 7 OZ')",True, 7 OZ,Signature Reserve Olives Medley Pitted Marinated 
1870,Your Price $6.49 each,Signature Reserve Olives Stuffed Blue Cheese - 7 OZ,($0.93 / Ounce),deli,"('Signature Reserve Olives Stuffed Blue Cheese ', ' 7 OZ')",True, 7 OZ,Signature Reserve Olives Stuffed Blue Cheese 
1871,Your Price $5.99 each,Divina Onion Jam - 7.6 OZ,($0.79 / Ounce),deli,"('Divina Onion Jam ', ' 7.6 OZ')",True, 7.6 OZ,Divina Onion Jam 
1872,Your Price $3.49 each,Signature SELECT Garlic Spread - Each,($3.49 / Each),deli,"('Signature SELECT Garlic Spread ', ' Each')",True, Each,Signature SELECT Garlic Spread 
1873,Your Price $9.49 each,Morton & Bassett White Pepper Ground - 2.3 Oz,($4.13 / Ounce),deli,"('Morton & Bassett White Pepper Ground ', ' 2.3 Oz')",True, 2.3 Oz,Morton & Bassett White Pepper Ground 
1874,Your Price $1.79 each,Van Holtens Hearty Dill Flavor Pickle - Each,($1.79 / Each),deli,"('Van Holtens Hearty Dill Flavor Pickle ', ' Each')",True, Each,Van Holtens Hearty Dill Flavor Pickle 
1875,Your Price $6.49 each,Signature Reserve Sweet Red Peppers - 8 OZ,($0.81 / Ounce),deli,"('Signature Reserve Sweet Red Peppers ', ' 8 OZ')",True, 8 OZ,Signature Reserve Sweet Red Peppers 
1876,Your Price $6.99 each,DeLallo Antipasto Provolini - 7 Oz,($1.00 / Ounce),deli,"('DeLallo Antipasto Provolini ', ' 7 Oz')",True, 7 Oz,DeLallo Antipasto Provolini 
1877,Your Price $6.49 each,Signature Reserve Mushrooms Italian Garlic - 7 OZ,($0.93 / Ounce),deli,"('Signature Reserve Mushrooms Italian Garlic ', ' 7 OZ')",True, 7 OZ,Signature Reserve Mushrooms Italian Garlic 
1878,Your Price $5.49 each,Boars Head Dressing Deli - 8.5 Oz,($0.65 / Fl.oz),deli,"('Boars Head Dressing Deli ', ' 8.5 Oz')",True, 8.5 Oz,Boars Head Dressing Deli 
1879,Your Price $6.49 each,Dalmatia Fig Spread - 8.5 Oz,($0.76 / Ounce),deli,"('Dalmatia Fig Spread ', ' 8.5 Oz')",True, 8.5 Oz,Dalmatia Fig Spread 
1880,Your Price $6.49 each,Signature Reserve Salad Greek Feta - 7 OZ,($0.93 / Ounce),deli,"('Signature Reserve Salad Greek Feta ', ' 7 OZ')",True, 7 OZ,Signature Reserve Salad Greek Feta 
1881,Your Price $6.49 each,Boars Head Kosher Dill Pickle Chips - 26 Oz,($0.25 / Ounce),deli,"('Boars Head Kosher Dill Pickle Chips ', ' 26 Oz')",True, 26 Oz,Boars Head Kosher Dill Pickle Chips 
1882,Your Price $6.49 each,Kings Hawaiian Bread Round - 16 Oz,($0.41 / Ounce),deli,"('Kings Hawaiian Bread Round ', ' 16 Oz')",True, 16 Oz,Kings Hawaiian Bread Round 
1883,Your Price $4.99 each,Tortilla Land Uncooked Flour Tortillas - 12 Count,($0.25 / Ounce),deli,"('Tortilla Land Uncooked Flour Tortillas ', ' 12 Count')",True, 12 Count,Tortilla Land Uncooked Flour Tortillas 
1884,Your Price $4.99 each,Stonefire Naan Dippers Original - 7.05 Oz,($0.71 / Ounce),deli,"('Stonefire Naan Dippers Original ', ' 7.05 Oz')",True, 7.05 Oz,Stonefire Naan Dippers Original 
1885,Your Price $5.99 each,Divina Spread Fig - 9 Oz,($0.67 / Ounce),deli,"('Divina Spread Fig ', ' 9 Oz')",True, 9 Oz,Divina Spread Fig 
1886,Your Price $4.99 each,Boars Head Horseradish Sauce Pub Sauce Squeezable - 9.5 Oz,($0.53 / Ounce),deli,"('Boars Head Horseradish Sauce Pub Sauce Squeezable ', ' 9.5 Oz')",True, 9.5 Oz,Boars Head Horseradish Sauce Pub Sauce Squeezable 
1887,Your Price $6.49 each,Dalmatia Fig Spread Orange - 8.5 Oz,($0.76 / Ounce),deli,"('Dalmatia Fig Spread Orange ', ' 8.5 Oz')",True, 8.5 Oz,Dalmatia Fig Spread Orange 
1888,Your Price $4.99 each,Kings Hawaiian Honey Wheat Rolls - 12 Count - 12 Oz.,($0.42 / Ounce),deli,"('Kings Hawaiian Honey Wheat Rolls  ', '12 Count12 Oz.')",True,12 Count12 Oz.,Kings Hawaiian Honey Wheat Rolls  
1889,Your Price $5.99 each,Boars Head Ham Glaze Brown Sugar & Spice - 11 Oz,($0.54 / Ounce),deli,"('Boars Head Ham Glaze Brown Sugar & Spice ', ' 11 Oz')",True, 11 Oz,Boars Head Ham Glaze Brown Sugar & Spice 
1890,Your Price $6.49 each,Signature Reserve Antipasti Marinated Lemon Feta - 7 OZ,($0.93 / Ounce),deli,"('Signature Reserve Antipasti Marinated Lemon Feta ', ' 7 OZ')",True, 7 OZ,Signature Reserve Antipasti Marinated Lemon Feta 
1891,Your Price $7.99 each,DeLallo Grape Leaves Stuffed - 5.25 Oz,($1.52 / Ounce),deli,"('DeLallo Grape Leaves Stuffed ', ' 5.25 Oz')",True, 5.25 Oz,DeLallo Grape Leaves Stuffed 
1892,Your Price $3.49 each,Boars Head Sauerkraut - 16 Oz,($0.22 / Ounce),deli,"('Boars Head Sauerkraut ', ' 16 Oz')",True, 16 Oz,Boars Head Sauerkraut 
1893,Your Price $3.99 each,ReadyMeals Traditional Chicken Salad Croissant Sandwich - EA,($3.99 / Each),deli,"('ReadyMeals Traditional Chicken Salad Croissant Sandwich ', ' EA')",True, EA,ReadyMeals Traditional Chicken Salad Croissant Sandwich 
1894,Your Price $4.49 each,ReadyMeals Turkey Bacon Croissant Sandwich - EA,($4.49 / Each),deli,"('ReadyMeals Turkey Bacon Croissant Sandwich ', ' EA')",True, EA,ReadyMeals Turkey Bacon Croissant Sandwich 
1895,Your Price $6.49 each,Boars Head Ovengold Pinwheel Self Serve - Each (490 Cal),($6.49 / Each),deli,"('Boars Head Ovengold Pinwheel Self Serve ', ' Each (490 Cal)')",True, Each (490 Cal),Boars Head Ovengold Pinwheel Self Serve 
1896,Your Price $4.49 each,ReadyMeals Pan Roasted Turkey & Cheddar Sandwich - EA,($4.49 / Each),deli,"('ReadyMeals Pan Roasted Turkey & Cheddar Sandwich ', ' EA')",True, EA,ReadyMeals Pan Roasted Turkey & Cheddar Sandwich 
1897,Your Price $6.49 each,Boars Head Cranberry Turkey Wrap - Each (740 Cal),($6.49 / Each),deli,"('Boars Head Cranberry Turkey Wrap ', ' Each (740 Cal)')",True, Each (740 Cal),Boars Head Cranberry Turkey Wrap 
1898,Your Price $3.99 each,Deluxe Combo Sliders Sandwich - EA,($3.99 / Each),deli,"('Deluxe Combo Sliders Sandwich ', ' EA')",True, EA,Deluxe Combo Sliders Sandwich 
1899,Your Price $3.99 each,ReadyMeals Classic Egg Salad Croissant Sandwich - EA,($3.99 / Each),deli,"('ReadyMeals Classic Egg Salad Croissant Sandwich ', ' EA')",True, EA,ReadyMeals Classic Egg Salad Croissant Sandwich 
1900,Your Price $6.49 each,Signature Cafe Italian Meat Sub Sandwich - Each (930 Cal),($6.49 / Each),deli,"('Signature Cafe Italian Meat Sub Sandwich ', ' Each (930 Cal)')",True, Each (930 Cal),Signature Cafe Italian Meat Sub Sandwich 
1901,Your Price $4.49 each,ReadyMeals Turkey Bacon & Cheddar Pretzel Duo Sandwich - EA,($4.49 / Each),deli,"('ReadyMeals Turkey Bacon & Cheddar Pretzel Duo Sandwich ', ' EA')",True, EA,ReadyMeals Turkey Bacon & Cheddar Pretzel Duo Sandwich 
1902,Your Price $4.49 each,ReadyMeals Ham & Swiss Pretzel Duo Sandwich - EA,($4.49 / Each),deli,"('ReadyMeals Ham & Swiss Pretzel Duo Sandwich ', ' EA')",True, EA,ReadyMeals Ham & Swiss Pretzel Duo Sandwich 
1903,Your Price $6.49 each,Boars Head Pit Craft Turkey Wrap - EACH,($6.49 / Each),deli,"('Boars Head Pit Craft Turkey Wrap ', ' EACH')",True, EACH,Boars Head Pit Craft Turkey Wrap 
1904,Your Price $6.99 each,Jewel Turkey Club Wrap - 10.75 OZ,($0.65 / Ounce),deli,"('Jewel Turkey Club Wrap ', ' 10.75 OZ')",True, 10.75 OZ,Jewel Turkey Club Wrap 
1905,Your Price $4.49 each,ReadyMeals Roast Beef & Cheddar Cheese Sandwich - EA,($4.49 / Each),deli,"('ReadyMeals Roast Beef & Cheddar Cheese Sandwich ', ' EA')",True, EA,ReadyMeals Roast Beef & Cheddar Cheese Sandwich 
1906,Your Price $4.49 each,ReadyMeals Ham & Turkey Pretzel Duo Sandwich - EA,($4.49 / Each),deli,"('ReadyMeals Ham & Turkey Pretzel Duo Sandwich ', ' EA')",True, EA,ReadyMeals Ham & Turkey Pretzel Duo Sandwich 
1907,Your Price $6.49 each,Boars Head Ovengold Turkey Sandwich - Each (460 Cal),($6.49 / Each),deli,"('Boars Head Ovengold Turkey Sandwich ', ' Each (460 Cal)')",True, Each (460 Cal),Boars Head Ovengold Turkey Sandwich 
1908,Your Price $4.49 each,ReadyMeals Ham & Turkey Club On Everything Roll - EA,($4.49 / Each),deli,"('ReadyMeals Ham & Turkey Club On Everything Roll ', ' EA')",True, EA,ReadyMeals Ham & Turkey Club On Everything Roll 
1909,Your Price $4.49 each,ReadyMeals Peppered Turkey & Smoked Gouda Sandwich - EA,($4.49 / Each),deli,"('ReadyMeals Peppered Turkey & Smoked Gouda Sandwich ', ' EA')",True, EA,ReadyMeals Peppered Turkey & Smoked Gouda Sandwich 
1910,Your Price $6.49 each,Signature Cafe Large 3 Meat & Cheese Sub - 15 Oz (750 Cal),($6.49 / Each),deli,"('Signature Cafe Large 3 Meat & Cheese Sub ', ' 15 Oz (750 Cal)')",True, 15 Oz (750 Cal),Signature Cafe Large 3 Meat & Cheese Sub 
1911,Your Price $6.49 each,Signature Cafe Large Turkey & Cheese Sub - 15 Oz (700 Cal),($0.43 / Ounce),deli,"('Signature Cafe Large Turkey & Cheese Sub ', ' 15 Oz (700 Cal)')",True, 15 Oz (700 Cal),Signature Cafe Large Turkey & Cheese Sub 
1912,Your Price $6.49 each,Boars Head Ovengold Turkey Slider 3 Count - Each (490 Cal),($6.49 / Each),deli,"('Boars Head Ovengold Turkey Slider 3 Count ', ' Each (490 Cal)')",True, Each (490 Cal),Boars Head Ovengold Turkey Slider 3 Count 
1913,Your Price $6.49 each,Boars Head Smokemaster Ham Slider 3 Count - Each (580 Cal),($6.49 / Each),deli,"('Boars Head Smokemaster Ham Slider 3 Count ', ' Each (580 Cal)')",True, Each (580 Cal),Boars Head Smokemaster Ham Slider 3 Count 
1914,Your Price $6.49 each,Signature Cafe Large Ham & Cheese Sub - 15 Oz (650 Cal),($6.49 / Each),deli,"('Signature Cafe Large Ham & Cheese Sub ', ' 15 Oz (650 Cal)')",True, 15 Oz (650 Cal),Signature Cafe Large Ham & Cheese Sub 
1915,Your Price $6.49 each,Boars Head London Broil Sandwich Gng Cold - Each (470 Cal),($6.49 / Each),deli,"('Boars Head London Broil Sandwich Gng Cold ', ' Each (470 Cal)')",True, Each (470 Cal),Boars Head London Broil Sandwich Gng Cold 
1916,Your Price $6.99 each,Jewel Caesar Wrap - 9.5 OZ,($0.74 / Ounce),deli,"('Jewel Caesar Wrap ', ' 9.5 OZ')",True, 9.5 OZ,Jewel Caesar Wrap 
1917,Your Price $3.99 each,Signature Cafe Seafood Salad Croissant - 5 OZ,($0.80 / Ounce),deli,"('Signature Cafe Seafood Salad Croissant ', ' 5 OZ')",True, 5 OZ,Signature Cafe Seafood Salad Croissant 
1918,Your Price $6.99 each,Afc Sushi Crunchy Ca Roll Sp - 7 OZ,($1.00 / Ounce),deli,"('Afc Sushi Crunchy Ca Roll Sp ', ' 7 OZ')",True, 7 OZ,Afc Sushi Crunchy Ca Roll Sp 
1919,Your Price $10.99 each,Spicy Tiger Roll* - 12.24 Oz (Available After 11 AM),($0.98 / Ounce),deli,"('Spicy Tiger Roll* ', ' 12.24 Oz (Available After 11 AM)')",True, 12.24 Oz (Available After 11 AM),Spicy Tiger Roll* 
1920,Your Price $10.49 each,Advanced Fresh Concepts Sushi Special Rainbow Roll* - 9 Oz,($1.17 / Ounce),deli,"('Advanced Fresh Concepts Sushi Special Rainbow Roll* ', ' 9 Oz')",True, 9 Oz,Advanced Fresh Concepts Sushi Special Rainbow Roll* 
1921,Your Price $6.99 each,Afc Chef Summer Roll 2 - 5 OZ,($1.40 / Ounce),deli,"('Afc Chef Summer Roll 2 ', ' 5 OZ')",True, 5 OZ,Afc Chef Summer Roll 2 
1922,Your Price $8.49 each,Afc Sushi Spicy Shrimp Roll Sp - 7 OZ,($1.21 / Ounce),deli,"('Afc Sushi Spicy Shrimp Roll Sp ', ' 7 OZ')",True, 7 OZ,Afc Sushi Spicy Shrimp Roll Sp 
1923,Your Price $16.99 each,Afc Premium Chef Sampler - 11 OZ,($1.54 / Ounce),deli,"('Afc Premium Chef Sampler ', ' 11 OZ')",True, 11 OZ,Afc Premium Chef Sampler 
1924,Your Price $4.49 each,Afc Seabreeze Salad - 4 OZ,($1.12 / Ounce),deli,"('Afc Seabreeze Salad ', ' 4 OZ')",True, 4 OZ,Afc Seabreeze Salad 
1925,Your Price $10.49 each,Afc Sushi Dragon Roll 12 Ct - 10.75 OZ,($1.00 / Ounce),deli,"('Afc Sushi Dragon Roll 12 Ct ', ' 10.75 OZ')",True, 10.75 OZ,Afc Sushi Dragon Roll 12 Ct 
1926,Your Price $2.19 each,Afc Miso Soup - .37 OZ,($2.19 / Ounce),deli,"('Afc Miso Soup ', ' .37 OZ')",True, .37 OZ,Afc Miso Soup 
1927,Your Price $7.49 each,Afc Sushi Crunchy Ca Roll Sp Brn Rice - 7 OZ,($1.07 / Ounce),deli,"('Afc Sushi Crunchy Ca Roll Sp Brn Rice ', ' 7 OZ')",True, 7 OZ,Afc Sushi Crunchy Ca Roll Sp Brn Rice 
1928,Your Price $4.39 each,Afc Sushi Grated Wasabi - 1.59 OZ,($2.76 / Ounce),deli,"('Afc Sushi Grated Wasabi ', ' 1.59 OZ')",True, 1.59 OZ,Afc Sushi Grated Wasabi 
1929,Your Price $7.49 each,Afc Sushi Spicy California Roll Sp Brown Rice - 8 OZ,($1.01 / Ounce),deli,"('Afc Sushi Spicy California Roll Sp Brown Rice ', ' 8 OZ')",True, 8 OZ,Afc Sushi Spicy California Roll Sp Brown Rice 
1930,Your Price $6.99 each,Afc Sushi Ca Roll Sp Brown Rice - 7 OZ,($1.00 / Ounce),deli,"('Afc Sushi Ca Roll Sp Brown Rice ', ' 7 OZ')",True, 7 OZ,Afc Sushi Ca Roll Sp Brown Rice 
1931,Your Price $5.49 each,Afc Sushi Snack Pack 16 Ct - 8.25 OZ,($0.66 / Ounce),deli,"('Afc Sushi Snack Pack 16 Ct ', ' 8.25 OZ')",True, 8.25 OZ,Afc Sushi Snack Pack 16 Ct 
1932,Your Price $8.99 each,Afc Sushi Crunchy Shrimp Roll 12 Ct - 11.25 OZ,($0.80 / Ounce),deli,"('Afc Sushi Crunchy Shrimp Roll 12 Ct ', ' 11.25 OZ')",True, 11.25 OZ,Afc Sushi Crunchy Shrimp Roll 12 Ct 
1933,Your Price $5.49 each,Afc Calamari Salad - 4 OZ,($1.37 / Ounce),deli,"('Afc Calamari Salad ', ' 4 OZ')",True, 4 OZ,Afc Calamari Salad 
1934,Your Price $19.99 each,Afc Sushi Field Goal Platter - 20.363 OZ,($1.04 / Ounce),deli,"('Afc Sushi Field Goal Platter ', ' 20.363 OZ')",True, 20.363 OZ,Afc Sushi Field Goal Platter 
1935,Your Price $3.99 each,ReadyMeal Protein Combo - Each (680 Cal),($3.99 / Each),deli,"('ReadyMeal Protein Combo ', ' Each (680 Cal)')",True, Each (680 Cal),ReadyMeal Protein Combo 
1936,Your Price $6.99 each,PC Organic Original - Each,($0.75 / Ounce),deli,"('PC Organic Original ', ' Each')",True, Each,PC Organic Original 
1937,Your Price $7.99 each,Snack Factory Pretzel Crisps Bites Honey Mustard - 12 Oz,($0.67 / Ounce),deli,"('Snack Factory Pretzel Crisps Bites Honey Mustard ', ' 12 Oz')",True, 12 Oz,Snack Factory Pretzel Crisps Bites Honey Mustard 
1938,Your Price $3.49 each,Open Nature Crackers Flatbread Everything - 10 Oz,($0.35 / Ounce),deli,"('Open Nature Crackers Flatbread Everything ', ' 10 Oz')",True, 10 Oz,Open Nature Crackers Flatbread Everything 
1939,Your Price $4.99 each,La Panzanella Croccantini Mini Original - 6 Oz,($0.83 / Ounce),deli,"('La Panzanella Croccantini Mini Original ', ' 6 Oz')",True, 6 Oz,La Panzanella Croccantini Mini Original 
1940,Your Price $2.99 each,Open Nature Crackers Entertaining Multigrain - 8 Oz,($0.37 / Ounce),deli,"('Open Nature Crackers Entertaining Multigrain ', ' 8 Oz')",True, 8 Oz,Open Nature Crackers Entertaining Multigrain 
1941,Your Price $4.49 each,Asturi Bruschettini Classico Virgin Olive Oil - 4.23 Oz,($1.06 / Ounce),deli,"('Asturi Bruschettini Classico Virgin Olive Oil ', ' 4.23 Oz')",True, 4.23 Oz,Asturi Bruschettini Classico Virgin Olive Oil 
1942,Your Price $3.49 each,Open Nature Crackers Flatbread Sesame - 10 Oz,($0.35 / Ounce),deli,"('Open Nature Crackers Flatbread Sesame ', ' 10 Oz')",True, 10 Oz,Open Nature Crackers Flatbread Sesame 
1943,Your Price $4.99 each,La Panzanella Croccantini Mini Black Pepper - 6 Oz,($0.83 / Ounce),deli,"('La Panzanella Croccantini Mini Black Pepper ', ' 6 Oz')",True, 6 Oz,La Panzanella Croccantini Mini Black Pepper 
1944,Your Price $7.99 each,Raincoast Crisp Fig And Olive - 5.3 Oz,($1.51 / Ounce),deli,"('Raincoast Crisp Fig And Olive ', ' 5.3 Oz')",True, 5.3 Oz,Raincoast Crisp Fig And Olive 
1945,Your Price $7.49 each,Lesley Stowe Raincoast Crisp Rosemary Raisin Pecan - 5.3 Oz,($1.41 / Ounce),deli,"('Lesley Stowe Raincoast Crisp Rosemary Raisin Pecan ', ' 5.3 Oz')",True, 5.3 Oz,Lesley Stowe Raincoast Crisp Rosemary Raisin Pecan 
1946,Your Price $4.99 each,La Panzanella Croccantini Mini Rosemary - 6 Oz,($0.83 / Ounce),deli,"('La Panzanella Croccantini Mini Rosemary ', ' 6 Oz')",True, 6 Oz,La Panzanella Croccantini Mini Rosemary 
1947,Your Price $4.49 each,Open Nature Crackers Flatbread Original - 10 Oz,($0.45 / Ounce),deli,"('Open Nature Crackers Flatbread Original ', ' 10 Oz')",True, 10 Oz,Open Nature Crackers Flatbread Original 
1948,Your Price $4.99 each,La Panzanella Croccantini Garlic - 6 Oz,($0.83 / Ounce),deli,"('La Panzanella Croccantini Garlic ', ' 6 Oz')",True, 6 Oz,La Panzanella Croccantini Garlic 
1949,Your Price $3.99 each,Lunchables Chicken Nuggets Kabbobles - 9 Oz,($0.44 / Ounce),deli,"('Lunchables Chicken Nuggets Kabbobles ', ' 9 Oz')",True, 9 Oz,Lunchables Chicken Nuggets Kabbobles 
1950,Your Price $2.99 each,Open Nature Crackers Entertaining  Original - 8 Oz,($0.37 / Ounce),deli,"('Open Nature Crackers Entertaining  Original ', ' 8 Oz')",True, 8 Oz,Open Nature Crackers Entertaining  Original 
1951,Your Price $4.49 each,Asturi Bruschettini Rosemary & Olive Oil - 4.23 Oz,($1.06 / Ounce),deli,"('Asturi Bruschettini Rosemary & Olive Oil ', ' 4.23 Oz')",True, 4.23 Oz,Asturi Bruschettini Rosemary & Olive Oil 
1952,Your Price $6.99 each,Kitchen Table Bakers Aged Parmesan Crisps - 3 Oz,($2.33 / Ounce),deli,"('Kitchen Table Bakers Aged Parmesan Crisps ', ' 3 Oz')",True, 3 Oz,Kitchen Table Bakers Aged Parmesan Crisps 
1953,Your Price $6.99 each,Kitchen Table Crisps Everything Parmesan - 3 Oz,($2.33 / Ounce),deli,"('Kitchen Table Crisps Everything Parmesan ', ' 3 Oz')",True, 3 Oz,Kitchen Table Crisps Everything Parmesan 
1954,Your Price $2.00 each,Ov White Cheddar Chickpea Chips 3.75 Ounce - 3.75 OZ,($0.10 / Ounce),deli,"('Ov White Cheddar Chickpea Chips 3.75 Ounce ', ' 3.75 OZ')",True, 3.75 OZ,Ov White Cheddar Chickpea Chips 3.75 Ounce 
1955,Your Price $2.00 each,Ov Sour Cream And Chive Chickpea Chips 3.75 Ounce - 3.5 OZ,($0.57 / Ounce),deli,"('Ov Sour Cream And Chive Chickpea Chips 3.75 Ounce ', ' 3.5 OZ')",True, 3.5 OZ,Ov Sour Cream And Chive Chickpea Chips 3.75 Ounce 
1956,Your Price $4.49 each,Asturi Bruschettini Garlic & Parsley - 4.23 Oz,($1.06 / Ounce),deli,"('Asturi Bruschettini Garlic & Parsley ', ' 4.23 Oz')",True, 4.23 Oz,Asturi Bruschettini Garlic & Parsley 
1957,Your Price $4.99 each,Sonoma Creamery Cheddar Crisps - 2.25 Oz,($2.22 / Ounce),deli,"('Sonoma Creamery Cheddar Crisps ', ' 2.25 Oz')",True, 2.25 Oz,Sonoma Creamery Cheddar Crisps 
1958,Your Price $4.99 each,Sonoma Creamery Parmesan Crisps - 2.25 Oz,($2.22 / Ounce),deli,"('Sonoma Creamery Parmesan Crisps ', ' 2.25 Oz')",True, 2.25 Oz,Sonoma Creamery Parmesan Crisps 
1959,Your Price $7.99 each,Effies Homemade Oatcakes All Natural - 7.2 Oz,($1.11 / Ounce),deli,"('Effies Homemade Oatcakes All Natural ', ' 7.2 Oz')",True, 7.2 Oz,Effies Homemade Oatcakes All Natural 
1960,Your Price $6.99 each,Signature Cafe Chicken Noodle Soup - 24 Oz.,($0.29 / Ounce),deli,"('Signature Cafe Chicken Noodle Soup ', ' 24 Oz.')",True, 24 Oz.,Signature Cafe Chicken Noodle Soup 
1961,Your Price $6.99 each,Signature Cafe Tomato Basil Bisque - 24 Oz.,($0.29 / Ounce),deli,"('Signature Cafe Tomato Basil Bisque ', ' 24 Oz.')",True, 24 Oz.,Signature Cafe Tomato Basil Bisque 
1962,Your Price $6.99 each,Signature Cafe Loaded Baked Potato Soup with Bacon - 24 Oz.,($0.29 / Ounce),deli,"('Signature Cafe Loaded Baked Potato Soup with Bacon ', ' 24 Oz.')",True, 24 Oz.,Signature Cafe Loaded Baked Potato Soup with Bacon 
1963,Your Price $6.99 each,Signature Cafe New England Clam Chowder - 24 Oz.,($0.29 / Ounce),deli,"('Signature Cafe New England Clam Chowder ', ' 24 Oz.')",True, 24 Oz.,Signature Cafe New England Clam Chowder 
1964,Your Price $6.49 each,Signature Cafe Lobster Bisque Soup - 24 Oz.,($0.27 / Ounce),deli,"('Signature Cafe Lobster Bisque Soup ', ' 24 Oz.')",True, 24 Oz.,Signature Cafe Lobster Bisque Soup 
1965,Your Price $6.99 each,Signature Cafe Steakhouse Chili - 24 Oz.,($0.29 / Ounce),deli,"('Signature Cafe Steakhouse Chili ', ' 24 Oz.')",True, 24 Oz.,Signature Cafe Steakhouse Chili 
1966,Your Price $5.99 each,Panera Bread Broccoli Cheddar Soup - 16 Oz,($5.99 / Pound),deli,"('Panera Bread Broccoli Cheddar Soup ', ' 16 Oz')",True, 16 Oz,Panera Bread Broccoli Cheddar Soup 
1967,Your Price $10.99 each,Panera Bread Chicken Tortilla Soup - 32 Oz,($5.50 / Pound),deli,"('Panera Bread Chicken Tortilla Soup ', ' 32 Oz')",True, 32 Oz,Panera Bread Chicken Tortilla Soup 
1968,Your Price $6.99 each,Signature Cafe Soup Creamy Chicken & Wild Rice - 24 Oz,($0.29 / Ounce),deli,"('Signature Cafe Soup Creamy Chicken & Wild Rice ', ' 24 Oz')",True, 24 Oz,Signature Cafe Soup Creamy Chicken & Wild Rice 
1969,Your Price $6.49 each,Signature Cafe Soup Spiced Pumpkin Bisque - 24 OZ,($0.27 / Ounce),deli,"('Signature Cafe Soup Spiced Pumpkin Bisque ', ' 24 OZ')",True, 24 OZ,Signature Cafe Soup Spiced Pumpkin Bisque 
1970,Your Price $6.00 each,Deli Chicken Pot Pie Cold - Each,($6.00 / Each),deli,"('Deli Chicken Pot Pie Cold ', ' Each')",True, Each,Deli Chicken Pot Pie Cold 
1971,Your Price $5.99 each,Panera Bread Lobster Bisque Soup - 16 Oz,($0.37 / Ounce),deli,"('Panera Bread Lobster Bisque Soup ', ' 16 Oz')",True, 16 Oz,Panera Bread Lobster Bisque Soup 
1972,Your Price $5.99 each,Panera Bread Gluten Free Chicken Tortilla Soup - 16 Oz,($0.37 / Ounce),deli,"('Panera Bread Gluten Free Chicken Tortilla Soup ', ' 16 Oz')",True, 16 Oz,Panera Bread Gluten Free Chicken Tortilla Soup 
1973,Your Price $10.99 each,Panera Bread Gluten Free Creamy Tomato Soup - 32 Oz,($0.34 / Ounce),deli,"('Panera Bread Gluten Free Creamy Tomato Soup ', ' 32 Oz')",True, 32 Oz,Panera Bread Gluten Free Creamy Tomato Soup 
1974,Your Price $7.49 each,Herban Fresh Hearty Vegetable Soup - 23.5 OZ,($0.32 / Ounce),deli,"('Herban Fresh Hearty Vegetable Soup ', ' 23.5 OZ')",True, 23.5 OZ,Herban Fresh Hearty Vegetable Soup 
1975,Your Price $5.99 each,Panera Bread Gluten Free Baked Potato Soup - 16 Oz,($0.37 / Ounce),deli,"('Panera Bread Gluten Free Baked Potato Soup ', ' 16 Oz')",True, 16 Oz,Panera Bread Gluten Free Baked Potato Soup 
1976,Your Price $10.99 each,Panera Bread Gluten Free Baked Potato Soup - 32 Oz,($0.34 / Ounce),deli,"('Panera Bread Gluten Free Baked Potato Soup ', ' 32 Oz')",True, 32 Oz,Panera Bread Gluten Free Baked Potato Soup 
1977,Your Price $6.99 each,Signature Cafe Broccoli & Cheddar Soup - 24 oz.,($0.29 / Ounce),deli,"('Signature Cafe Broccoli & Cheddar Soup ', ' 24 oz.')",True, 24 oz.,Signature Cafe Broccoli & Cheddar Soup 
1978,Your Price $10.99 each,Panera Bread Broccoli Cheddar Soup - 32 Oz,($5.50 / Pound),deli,"('Panera Bread Broccoli Cheddar Soup ', ' 32 Oz')",True, 32 Oz,Panera Bread Broccoli Cheddar Soup 
1979,Your Price $6.99 each,Panera Bread Vegetarian Mac & Cheese Microwave Meal - 16 Oz,($0.44 / Ounce),deli,"('Panera Bread Vegetarian Mac & Cheese Microwave Meal ', ' 16 Oz')",True, 16 Oz,Panera Bread Vegetarian Mac & Cheese Microwave Meal 
1980,Your Price $10.99 each,Panera Bread Chicken Noodle Soup - 32 Oz,($0.34 / Ounce),deli,"('Panera Bread Chicken Noodle Soup ', ' 32 Oz')",True, 32 Oz,Panera Bread Chicken Noodle Soup 
1981,Your Price $5.99 each,Panera Bread Gluten Free Creamy Tomato Soup - 16 Oz,($0.37 / Ounce),deli,"('Panera Bread Gluten Free Creamy Tomato Soup ', ' 16 Oz')",True, 16 Oz,Panera Bread Gluten Free Creamy Tomato Soup 
1982,Your Price $4.99 each,Stonefire Original Naan - 12.7 Oz,($0.39 / Ounce),deli,"('Stonefire Original Naan ', ' 12.7 Oz')",True, 12.7 Oz,Stonefire Original Naan 
1983,Your Price $5.99 each,Panera Bread Gluten Free Greek Style Chicken Soup - 16 Oz,($0.37 / Ounce),deli,"('Panera Bread Gluten Free Greek Style Chicken Soup ', ' 16 Oz')",True, 16 Oz,Panera Bread Gluten Free Greek Style Chicken Soup 
1984,Your Price $7.49 each,Herban Fresh Red Lentil Chili With Faro Soup Cup - 23.5 OZ,($0.32 / Ounce),deli,"('Herban Fresh Red Lentil Chili With Faro Soup Cup ', ' 23.5 OZ')",True, 23.5 OZ,Herban Fresh Red Lentil Chili With Faro Soup Cup 
1985,Your Price $2.49 each,Signature Cafe Pizza Dough Traditional - 16 OZ,($0.16 / Ounce),deli,"('Signature Cafe Pizza Dough Traditional ', ' 16 OZ')",True, 16 OZ,Signature Cafe Pizza Dough Traditional 
1986,Your Price $13.99 each,Giacobbinos Cheese Pizza - 48.25 OZ,($0.29 / Ounce),deli,"('Giacobbinos Cheese Pizza ', ' 48.25 OZ')",True, 48.25 OZ,Giacobbinos Cheese Pizza 
1987,Your Price $5.00 each,Giacobbinos Cheesy Garlic Artisan Flatbread Pizza - 16 OZ,($0.31 / Ounce),deli,"('Giacobbinos Cheesy Garlic Artisan Flatbread Pizza ', ' 16 OZ')",True, 16 OZ,Giacobbinos Cheesy Garlic Artisan Flatbread Pizza 
1988,Your Price $13.99 each,Giacobbinos Sausage Pizza - 53.25 OZ,($0.26 / Ounce),deli,"('Giacobbinos Sausage Pizza ', ' 53.25 OZ')",True, 53.25 OZ,Giacobbinos Sausage Pizza 
1989,Your Price $4.99 each,Signature Cafe Spicy Sausage Calzone - 8 OZ,($0.62 / Ounce),deli,"('Signature Cafe Spicy Sausage Calzone ', ' 8 OZ')",True, 8 OZ,Signature Cafe Spicy Sausage Calzone 
1990,Your Price $13.99 each,Giacobbinos Pepperoni Pizza - 49.25 OZ,($0.28 / Ounce),deli,"('Giacobbinos Pepperoni Pizza ', ' 49.25 OZ')",True, 49.25 OZ,Giacobbinos Pepperoni Pizza 
1991,Your Price $5.00 each,Giacobbinos Sausage & Pepperoni Artisan Pizza - 19 OZ,($0.26 / Ounce),deli,"('Giacobbinos Sausage & Pepperoni Artisan Pizza ', ' 19 OZ')",True, 19 OZ,Giacobbinos Sausage & Pepperoni Artisan Pizza 
1992,Your Price $7.99 each,Vicolo Tomato Goat Cheese Calzone - 8 OZ,($0.71 / Ounce),deli,"('Vicolo Tomato Goat Cheese Calzone ', ' 8 OZ')",True, 8 OZ,Vicolo Tomato Goat Cheese Calzone 
1993,Your Price $2.49 each,Cheese & Sausage Pizza Puff Cold - 6 OZ,($0.42 / Ounce),deli,"('Cheese & Sausage Pizza Puff Cold ', ' 6 OZ')",True, 6 OZ,Cheese & Sausage Pizza Puff Cold 
1994,Your Price $0.79 each,Hidden Valley Ranch Dressing - 1.5 OZ,($0.53 / Ounce),deli,"('Hidden Valley Ranch Dressing ', ' 1.5 OZ')",True, 1.5 OZ,Hidden Valley Ranch Dressing 
1995,Your Price $0.79 each,Kens Chunky Blue Cheese Dressing - 2 OZ,($0.40 / Ounce),deli,"('Kens Chunky Blue Cheese Dressing ', ' 2 OZ')",True, 2 OZ,Kens Chunky Blue Cheese Dressing 
1996,Your Price $3.99 each,Marie Callender's Chicken Pot Pie Frozen Meal - 15 Oz,($0.27 / Ounce),frozen-foods,"(""Marie Callender's Chicken Pot Pie Frozen Meal "", ' 15 Oz')",True, 15 Oz,Marie Callender's Chicken Pot Pie Frozen Meal 
1997,Your Price $6.99 each,Quest Protein Pizza- Uncured Pepperoni - 11.4 Oz,($0.61 / Ounce),frozen-foods,"('Quest Protein Pizza Uncured Pepperoni', '11.4 Oz')",True,11.4 Oz,Quest Protein Pizza Uncured Pepperoni
1998,Your Price $6.49 each,Amy's Chile Relleno Casserole Bowl - 9 Oz,($0.72 / Ounce),frozen-foods,"(""Amy's Chile Relleno Casserole Bowl "", ' 9 Oz')",True, 9 Oz,Amy's Chile Relleno Casserole Bowl 
1999,Your Price $7.99 each,DiGiorno Frozen Pepperoni Pizza - 27.5 Oz,($0.29 / Ounce),frozen-foods,"('DiGiorno Frozen Pepperoni Pizza ', ' 27.5 Oz')",True, 27.5 Oz,DiGiorno Frozen Pepperoni Pizza 
2000,Your Price $5.99 each,Stouffer's Lasagna with Meat & Sauce Frozen Meal - 19 Oz,($0.32 / Ounce),frozen-foods,"(""Stouffer's Lasagna with Meat & Sauce Frozen Meal "", ' 19 Oz')",True, 19 Oz,Stouffer's Lasagna with Meat & Sauce Frozen Meal 
2001,Your Price $4.49 each,Stouffer's Roast Turkey Frozen Meal - 9.625 Oz,($0.47 / Ounce),frozen-foods,"(""Stouffer's Roast Turkey Frozen Meal "", ' 9.625 Oz')",True, 9.625 Oz,Stouffer's Roast Turkey Frozen Meal 
2002,Your Price $16.99 each,Stouffer's Party Size Chicken Enchiladas Frozen Meal - 57 Oz,($0.30 / Ounce),frozen-foods,"(""Stouffer's Party Size Chicken Enchiladas Frozen Meal "", ' 57 Oz')",True, 57 Oz,Stouffer's Party Size Chicken Enchiladas Frozen Meal 
2003,Your Price $5.99 each,Stouffer's Stuffed Peppers Large Size Frozen Meal - 15.5 Oz,($0.39 / Ounce),frozen-foods,"(""Stouffer's Stuffed Peppers Large Size Frozen Meal "", ' 15.5 Oz')",True, 15.5 Oz,Stouffer's Stuffed Peppers Large Size Frozen Meal 
2004,Your Price $4.49 each,Stouffer's Classic Meatloaf Frozen Meal - 9.87 Oz,($0.45 / Ounce),frozen-foods,"(""Stouffer's Classic Meatloaf Frozen Meal "", ' 9.87 Oz')",True, 9.87 Oz,Stouffer's Classic Meatloaf Frozen Meal 
2005,Your Price $4.99 each,Raos Penne Alla Vodka - 9 OZ,($0.55 / Ounce),frozen-foods,"('Raos Penne Alla Vodka ', ' 9 OZ')",True, 9 OZ,Raos Penne Alla Vodka 
2006,Your Price $4.49 each,Stouffer's Swedish Meatballs Frozen Meal - 11.5 Oz,($0.39 / Ounce),frozen-foods,"(""Stouffer's Swedish Meatballs Frozen Meal "", ' 11.5 Oz')",True, 11.5 Oz,Stouffer's Swedish Meatballs Frozen Meal 
2007,Your Price $4.99 each,Raos Meat Lasagna - 8.9 OZ,($0.55 / Ounce),frozen-foods,"('Raos Meat Lasagna ', ' 8.9 OZ')",True, 8.9 OZ,Raos Meat Lasagna 
2008,Your Price $9.99 each,DiGiorno Frozen Three Meat Stuffed Crust Pizza - 24.5 Oz,($0.41 / Ounce),frozen-foods,"('DiGiorno Frozen Three Meat Stuffed Crust Pizza ', ' 24.5 Oz')",True, 24.5 Oz,DiGiorno Frozen Three Meat Stuffed Crust Pizza 
2009,Your Price $3.99 each,Marie Callender's Beef Pot Pie Frozen Meal - 15 Oz,($0.27 / Ounce),frozen-foods,"(""Marie Callender's Beef Pot Pie Frozen Meal "", ' 15 Oz')",True, 15 Oz,Marie Callender's Beef Pot Pie Frozen Meal 
2010,Your Price $5.99 each,Stouffer's Large Size Macaroni & Cheese Frozen Meal - 20 Oz,($0.30 / Ounce),frozen-foods,"(""Stouffer's Large Size Macaroni & Cheese Frozen Meal "", ' 20 Oz')",True, 20 Oz,Stouffer's Large Size Macaroni & Cheese Frozen Meal 
2011,Your Price $5.99 each,Hungry-Man Selects Classic Fried Chicken Frozen Meal - 16 Oz,($0.37 / Ounce),frozen-foods,"('Hungry Man Selects Classic Fried Chicken Frozen Meal', '16 Oz')",True,16 Oz,Hungry Man Selects Classic Fried Chicken Frozen Meal
2012,Your Price $5.99 each,Stouffer's Classic Meatloaf Frozen Meal - 16 Oz,($0.37 / Ounce),frozen-foods,"(""Stouffer's Classic Meatloaf Frozen Meal "", ' 16 Oz')",True, 16 Oz,Stouffer's Classic Meatloaf Frozen Meal 
2013,Your Price $4.49 each,Stouffer's Salisbury Steak Individual Frozen Meal - 9.62 Oz,($0.47 / Ounce),frozen-foods,"(""Stouffer's Salisbury Steak Individual Frozen Meal "", ' 9.62 Oz')",True, 9.62 Oz,Stouffer's Salisbury Steak Individual Frozen Meal 
2014,Your Price $3.99 each,Marie Callender's Turkey Pot Pie Frozen Meal - 15 Oz,($0.27 / Ounce),frozen-foods,"(""Marie Callender's Turkey Pot Pie Frozen Meal "", ' 15 Oz')",True, 15 Oz,Marie Callender's Turkey Pot Pie Frozen Meal 
2015,Your Price $5.49 each,Dianas Bananas Banana Babies Dark Chocolate - 10.5 Oz,($0.52 / Ounce),frozen-foods,"('Dianas Bananas Banana Babies Dark Chocolate ', ' 10.5 Oz')",True, 10.5 Oz,Dianas Bananas Banana Babies Dark Chocolate 
2016,Your Price $4.49 each,Outshine Strawberry Frozen Fruit Bars - 6 Count,($0.31 / Fl.oz),frozen-foods,"('Outshine Strawberry Frozen Fruit Bars ', ' 6 Count')",True, 6 Count,Outshine Strawberry Frozen Fruit Bars 
2017,Your Price $5.49 each,Dianas Bananas Banana Babies Milk Chocolate - 10.5 Oz,($0.52 / Ounce),frozen-foods,"('Dianas Bananas Banana Babies Milk Chocolate ', ' 10.5 Oz')",True, 10.5 Oz,Dianas Bananas Banana Babies Milk Chocolate 
2018,Your Price $4.99 each,Yasso Fz Grk Ygrt Crml Choc Crunch 4 Ct - 4-2.65 Fl. Oz.,($0.47 / Fl.oz),frozen-foods,"('Yasso Fz Grk Ygrt Crml Choc Crunch 4 Ct  ', '4-2.65 Fl. Oz.')",True,4-2.65 Fl. Oz.,Yasso Fz Grk Ygrt Crml Choc Crunch 4 Ct  
2019,Your Price $4.49 each,Outshine Watermelon Frozen Fruit Bars - 6 Count,($0.31 / Fl.oz),frozen-foods,"('Outshine Watermelon Frozen Fruit Bars ', ' 6 Count')",True, 6 Count,Outshine Watermelon Frozen Fruit Bars 
2020,Your Price $4.49 each,Outshine Fruit Ice Bars Lemon 6 Count - 14.7 Fl. Oz.,($0.27 / Fl.oz),frozen-foods,"('Outshine Fruit Ice Bars Lemon 6 Count ', ' 14.7 Fl. Oz.')",True, 14.7 Fl. Oz.,Outshine Fruit Ice Bars Lemon 6 Count 
2021,Your Price $10.49 each,Outshine Coconut Frozen Fruit Bars - 12 Count,($0.35 / Fl.oz),frozen-foods,"('Outshine Coconut Frozen Fruit Bars ', ' 12 Count')",True, 12 Count,Outshine Coconut Frozen Fruit Bars 
2022,Your Price $4.99 each,Yasso Mint Chocolate Crunch Greek Yogurt - 4-2.65 FZ,($0.47 / Fl.oz),frozen-foods,"('Yasso Mint Chocolate Crunch Greek Yogurt  ', '4-2.65 FZ')",True,4-2.65 FZ,Yasso Mint Chocolate Crunch Greek Yogurt  
2023,Your Price $4.49 each,Outshine Lime Frozen Fruit Bars - 6 Count,($0.31 / Fl.oz),frozen-foods,"('Outshine Lime Frozen Fruit Bars ', ' 6 Count')",True, 6 Count,Outshine Lime Frozen Fruit Bars 
2024,Your Price $6.29 each,Drumstick Original Vanilla Sundae Cones - 4 Count,($0.34 / Fl.oz),frozen-foods,"('Drumstick Original Vanilla Sundae Cones ', ' 4 Count')",True, 4 Count,Drumstick Original Vanilla Sundae Cones 
2025,Your Price $3.99 each,O Organics Fruit Bars Strawberry - 6-2.45 Oz,($0.27 / Fl.oz),frozen-foods,"('O Organics Fruit Bars Strawberry  ', '6-2.45 Oz')",True,6-2.45 Oz,O Organics Fruit Bars Strawberry  
2026,Your Price $4.99 each,Tillamook Old Fashioned Vanilla Ice Cream - 48 Oz,($3.33 / Quart),frozen-foods,"('Tillamook Old Fashioned Vanilla Ice Cream ', ' 48 Oz')",True, 48 Oz,Tillamook Old Fashioned Vanilla Ice Cream 
2027,Your Price $4.49 each,Outshine Grape Frozen Fruit Bars - 6 Count,($0.31 / Fl.oz),frozen-foods,"('Outshine Grape Frozen Fruit Bars ', ' 6 Count')",True, 6 Count,Outshine Grape Frozen Fruit Bars 
2028,Your Price $9.99 each,Haagen-Dazs Vanilla Ice Cream - 28 Oz,($0.36 / Fl.oz),frozen-foods,"('Haagen Dazs Vanilla Ice Cream', '28 Oz')",True,28 Oz,Haagen Dazs Vanilla Ice Cream
2029,Your Price $4.99 each,Tillamook Cookies and Cream Ice Cream - 48 Oz,($3.33 / Quart),frozen-foods,"('Tillamook Cookies and Cream Ice Cream ', ' 48 Oz')",True, 48 Oz,Tillamook Cookies and Cream Ice Cream 
2030,Your Price $4.99 each,Tillamook Udderly Chocolate Ice Cream - 48 Oz,($3.33 / Quart),frozen-foods,"('Tillamook Udderly Chocolate Ice Cream ', ' 48 Oz')",True, 48 Oz,Tillamook Udderly Chocolate Ice Cream 
2031,Your Price $6.99 each,Breyers Classics Natural Vanilla Ice Cream - 48 Oz,($4.66 / Quart),frozen-foods,"('Breyers Classics Natural Vanilla Ice Cream ', ' 48 Oz')",True, 48 Oz,Breyers Classics Natural Vanilla Ice Cream 
2032,Your Price $5.99 each,Ben & Jerry's Cherry Garcia Ice Cream - 16 Oz,($11.98 / Quart),frozen-foods,"(""Ben & Jerry's Cherry Garcia Ice Cream "", ' 16 Oz')",True, 16 Oz,Ben & Jerry's Cherry Garcia Ice Cream 
2033,Your Price $6.49 each,Popsicle Ice Pops Sugar Free Tropicals - 18 Count,($0.22 / Fl.oz),frozen-foods,"('Popsicle Ice Pops Sugar Free Tropicals ', ' 18 Count')",True, 18 Count,Popsicle Ice Pops Sugar Free Tropicals 
2034,Your Price $5.99 each,Ben And Jerry's Phish Food Ice Cream Pint - 16 Oz,($11.98 / Quart),frozen-foods,"(""Ben And Jerry's Phish Food Ice Cream Pint "", ' 16 Oz')",True, 16 Oz,Ben And Jerry's Phish Food Ice Cream Pint 
2035,Your Price $4.99 each,Tillamook Vanilla Bean Ice Cream - 48 Oz,($3.33 / Quart),frozen-foods,"('Tillamook Vanilla Bean Ice Cream ', ' 48 Oz')",True, 48 Oz,Tillamook Vanilla Bean Ice Cream 
2036,Your Price $5.99 each,Ben And Jerry's Chocolate Fudge Brownie Ice Cream - 16 Oz,($11.98 / Quart),frozen-foods,"(""Ben And Jerry's Chocolate Fudge Brownie Ice Cream "", ' 16 Oz')",True, 16 Oz,Ben And Jerry's Chocolate Fudge Brownie Ice Cream 
2037,Your Price $9.49 each,Drumstick Original Vanilla Sundae Cones - 8 Count,($0.26 / Fl.oz),frozen-foods,"('Drumstick Original Vanilla Sundae Cones ', ' 8 Count')",True, 8 Count,Drumstick Original Vanilla Sundae Cones 
2038,Your Price $6.49 each,Grown In Idaho Mashed Potatoes Roasted Garlic - 24 OZ,($0.27 / Ounce),frozen-foods,"('Grown In Idaho Mashed Potatoes Roasted Garlic ', ' 24 OZ')",True, 24 OZ,Grown In Idaho Mashed Potatoes Roasted Garlic 
2039,Your Price $2.49 each,Signature Select Vegetables Stir-Fry - 16 Oz,($0.16 / Ounce),frozen-foods,"('Signature Select Vegetables Stir Fry', '16 Oz')",True,16 Oz,Signature Select Vegetables Stir Fry
2040,Your Price $6.49 each,Grown In Idaho Mashed Potatoes Homestyle - 24 OZ,($0.27 / Ounce),frozen-foods,"('Grown In Idaho Mashed Potatoes Homestyle ', ' 24 OZ')",True, 24 OZ,Grown In Idaho Mashed Potatoes Homestyle 
2041,Your Price $4.49 each,Tattooed Chf Ent Mexican Style St Corn - 12 OZ,($0.37 / Ounce),frozen-foods,"('Tattooed Chf Ent Mexican Style St Corn ', ' 12 OZ')",True, 12 OZ,Tattooed Chf Ent Mexican Style St Corn 
2042,Your Price $3.79 each,Signature SELECT Green Beans Cut - 32 Oz,($0.12 / Ounce),frozen-foods,"('Signature SELECT Green Beans Cut ', ' 32 Oz')",True, 32 Oz,Signature SELECT Green Beans Cut 
2043,Your Price $4.79 each,Green Giant Veggie Tots Broccoli & Cheese - 16 Oz,($0.34 / Ounce),frozen-foods,"('Green Giant Veggie Tots Broccoli & Cheese ', ' 16 Oz')",True, 16 Oz,Green Giant Veggie Tots Broccoli & Cheese 
2044,Your Price $3.79 each,Birds Eye Broccoli Stir Fry - 14.4 Oz,($0.26 / Ounce),frozen-foods,"('Birds Eye Broccoli Stir Fry ', ' 14.4 Oz')",True, 14.4 Oz,Birds Eye Broccoli Stir Fry 
2045,Your Price $2.50 each,Green Giant Riced Veggies Cauliflower Medley - 10 Oz,($0.25 / Ounce),frozen-foods,"('Green Giant Riced Veggies Cauliflower Medley ', ' 10 Oz')",True, 10 Oz,Green Giant Riced Veggies Cauliflower Medley 
2046,Your Price $1.79 each,Signature SELECT Vegetables Mixed - 16 Oz,($0.11 / Ounce),frozen-foods,"('Signature SELECT Vegetables Mixed ', ' 16 Oz')",True, 16 Oz,Signature SELECT Vegetables Mixed 
2047,Your Price $5.79 each,Green Giant Nibblers Corn On The Cob Mini Ears - 12 Count,($0.48 / Count),frozen-foods,"('Green Giant Nibblers Corn On The Cob Mini Ears ', ' 12 Count')",True, 12 Count,Green Giant Nibblers Corn On The Cob Mini Ears 
2048,Your Price $6.99 each,Signature SELECT Tater Treats - 80 Oz,($0.09 / Ounce),frozen-foods,"('Signature SELECT Tater Treats ', ' 80 Oz')",True, 80 Oz,Signature SELECT Tater Treats 
2049,Your Price $3.79 each,Signature SELECT Broccoli Cuts - 32 Oz,($0.12 / Ounce),frozen-foods,"('Signature SELECT Broccoli Cuts ', ' 32 Oz')",True, 32 Oz,Signature SELECT Broccoli Cuts 
2050,Your Price $3.79 each,Signature SELECT Vegetables Mixed - 32 Oz,($0.12 / Ounce),frozen-foods,"('Signature SELECT Vegetables Mixed ', ' 32 Oz')",True, 32 Oz,Signature SELECT Vegetables Mixed 
2051,Your Price $3.79 each,Signature SELECT Corn Whole Kernel - 32 Oz,($0.12 / Ounce),frozen-foods,"('Signature SELECT Corn Whole Kernel ', ' 32 Oz')",True, 32 Oz,Signature SELECT Corn Whole Kernel 
2052,Your Price $2.50 each,O Organics Organic Peas Green - 16 Oz,($0.16 / Ounce),frozen-foods,"('O Organics Organic Peas Green ', ' 16 Oz')",True, 16 Oz,O Organics Organic Peas Green 
2053,Your Price $2.50 each,O Organics Organic Spinach Chopped - 16 Oz,($0.16 / Ounce),frozen-foods,"('O Organics Organic Spinach Chopped ', ' 16 Oz')",True, 16 Oz,O Organics Organic Spinach Chopped 
2054,Your Price $3.79 each,Signature SELECT Vegetables California-Style - 32 Oz,($0.12 / Ounce),frozen-foods,"('Signature SELECT Vegetables California Style', '32 Oz')",True,32 Oz,Signature SELECT Vegetables California Style
2055,Your Price $2.79 each,Green Giant Steamers Vegetables Mixed - 12 Oz,($0.28 / Ounce),frozen-foods,"('Green Giant Steamers Vegetables Mixed ', ' 12 Oz')",True, 12 Oz,Green Giant Steamers Vegetables Mixed 
2056,Your Price $1.99 each,Signature SELECT Broccoli Florets Petite - 16 Oz,($0.12 / Ounce),frozen-foods,"('Signature SELECT Broccoli Florets Petite ', ' 16 Oz')",True, 16 Oz,Signature SELECT Broccoli Florets Petite 
2057,Your Price $5.99 each,Signature SELECT Corn On The Cob Mini - 12 Count,($0.50 / Count),frozen-foods,"('Signature SELECT Corn On The Cob Mini ', ' 12 Count')",True, 12 Count,Signature SELECT Corn On The Cob Mini 
2058,Your Price $4.79 each,Green Giant Veggie Spirals Zucchini - 12 Oz,($0.40 / Ounce),frozen-foods,"('Green Giant Veggie Spirals Zucchini ', ' 12 Oz')",True, 12 Oz,Green Giant Veggie Spirals Zucchini 
2059,Your Price $3.99 each,Signature SELECT Chopped Spinach - 32 Oz,($0.12 / Ounce),frozen-foods,"('Signature SELECT Chopped Spinach ', ' 32 Oz')",True, 32 Oz,Signature SELECT Chopped Spinach 
2060,Your Price $4.99 each,Psf Vfs Sliced Brussels Sprouts - 15 OZ,($0.33 / Ounce),frozen-foods,"('Psf Vfs Sliced Brussels Sprouts ', ' 15 OZ')",True, 15 OZ,Psf Vfs Sliced Brussels Sprouts 
2061,Your Price $8.49 each,Birds Eye Broccoli Florets Frozen Vegetable - 52 Oz,($0.16 / Ounce),frozen-foods,"('Birds Eye Broccoli Florets Frozen Vegetable ', ' 52 Oz')",True, 52 Oz,Birds Eye Broccoli Florets Frozen Vegetable 
2062,Your Price $7.99 each,Farm Rich Snacks Mozzarella Sticks Breaded - 24 Oz,($0.33 / Ounce),frozen-foods,"('Farm Rich Snacks Mozzarella Sticks Breaded ', ' 24 Oz')",True, 24 Oz,Farm Rich Snacks Mozzarella Sticks Breaded 
2063,Your Price $14.49 each,Farm Rich Snacks Breaded Mozzarella Sticks - 52 Oz,($0.28 / Ounce),frozen-foods,"('Farm Rich Snacks Breaded Mozzarella Sticks ', ' 52 Oz')",True, 52 Oz,Farm Rich Snacks Breaded Mozzarella Sticks 
2064,Your Price $7.99 each,Ling Ling Potstickers Pork & Vegetable Dumplings - 24 Oz,($0.33 / Ounce),frozen-foods,"('Ling Ling Potstickers Pork & Vegetable Dumplings ', ' 24 Oz')",True, 24 Oz,Ling Ling Potstickers Pork & Vegetable Dumplings 
2065,Your Price $6.49 each,Signature SELECT Quiche Mini Florentine 15 Count - 11.2 Oz,($0.58 / Ounce),frozen-foods,"('Signature SELECT Quiche Mini Florentine 15 Count ', ' 11.2 Oz')",True, 11.2 Oz,Signature SELECT Quiche Mini Florentine 15 Count 
2066,Your Price $7.99 each,Totinos Pepperoni Pizza Rolls 100 Count - 48.85 Oz,($0.16 / Ounce),frozen-foods,"('Totinos Pepperoni Pizza Rolls 100 Count ', ' 48.85 Oz')",True, 48.85 Oz,Totinos Pepperoni Pizza Rolls 100 Count 
2067,Your Price $12.99 each,White Castle Microwaveable Cheeseburgers - 16 Count,($0.44 / Ounce),frozen-foods,"('White Castle Microwaveable Cheeseburgers ', ' 16 Count')",True, 16 Count,White Castle Microwaveable Cheeseburgers 
2068,Your Price $14.99 each,Hot Pockets Meatball Mozzarella Sandwiches Box - 12-54 Oz,($0.28 / Ounce),frozen-foods,"('Hot Pockets Meatball Mozzarella Sandwiches Box  ', '12-54 Oz')",True,12-54 Oz,Hot Pockets Meatball Mozzarella Sandwiches Box  
2069,Your Price $6.49 each,Signature SELECT Bites Chicken & Pesto 12 Count - 5.6 Oz,($0.54 / Count),frozen-foods,"('Signature SELECT Bites Chicken & Pesto 12 Count ', ' 5.6 Oz')",True, 5.6 Oz,Signature SELECT Bites Chicken & Pesto 12 Count 
2070,Your Price $7.99 each,Ling Ling Potstickers Chicken & Vegetable - 24 Oz,($0.33 / Ounce),frozen-foods,"('Ling Ling Potstickers Chicken & Vegetable ', ' 24 Oz')",True, 24 Oz,Ling Ling Potstickers Chicken & Vegetable 
2071,Your Price $5.79 each,Soft Pretzel Mozzerella Cheese Bites - 13 OZ,($0.45 / Ounce),frozen-foods,"('Soft Pretzel Mozzerella Cheese Bites ', ' 13 OZ')",True, 13 OZ,Soft Pretzel Mozzerella Cheese Bites 
2072,Your Price $5.79 each,Soft Pretzel Pepper Jack Cheese Bites - 13 Oz,($0.45 / Ounce),frozen-foods,"('Soft Pretzel Pepper Jack Cheese Bites ', ' 13 Oz')",True, 13 Oz,Soft Pretzel Pepper Jack Cheese Bites 
2073,Your Price $14.99 each,Ling Ling Potstickers Chicken Potstickers - 56 Oz,($0.27 / Ounce),frozen-foods,"('Ling Ling Potstickers Chicken Potstickers ', ' 56 Oz')",True, 56 Oz,Ling Ling Potstickers Chicken Potstickers 
2074,Your Price $8.99 each,Pagoda Express Egg Roll Chicken - 22 Oz,($0.41 / Ounce),frozen-foods,"('Pagoda Express Egg Roll Chicken ', ' 22 Oz')",True, 22 Oz,Pagoda Express Egg Roll Chicken 
2075,Your Price $8.99 each,Signature SELECT Potstickers Chicken & Pork - 26 Oz,($0.35 / Ounce),frozen-foods,"('Signature SELECT Potstickers Chicken & Pork ', ' 26 Oz')",True, 26 Oz,Signature SELECT Potstickers Chicken & Pork 
2076,Your Price $5.49 each,Gardein Teriyaki Plant Based Frozen Chicken Strips - 10.5 Oz,($0.52 / Ounce),frozen-foods,"('Gardein Teriyaki Plant Based Frozen Chicken Strips ', ' 10.5 Oz')",True, 10.5 Oz,Gardein Teriyaki Plant Based Frozen Chicken Strips 
2077,Your Price $7.49 each,Totinos Pizza Rolls Pepperoni - 24.8 Oz,($0.30 / Ounce),frozen-foods,"('Totinos Pizza Rolls Pepperoni ', ' 24.8 Oz')",True, 24.8 Oz,Totinos Pizza Rolls Pepperoni 
2078,Your Price $4.79 each,McCain Onion Rings Battered Craft Beer - 14 Oz,($0.34 / Ounce),frozen-foods,"('McCain Onion Rings Battered Craft Beer ', ' 14 Oz')",True, 14 Oz,McCain Onion Rings Battered Craft Beer 
2079,Your Price $3.99 each,SuperPretzel Soft Pretzels Fully Baked Original - 13 Oz,($0.31 / Ounce),frozen-foods,"('SuperPretzel Soft Pretzels Fully Baked Original ', ' 13 Oz')",True, 13 Oz,SuperPretzel Soft Pretzels Fully Baked Original 
2080,Your Price $8.49 each,Auntie Annes Pretzel Dogs Classic All Beef 4 Count - 16 Oz,($0.53 / Ounce),frozen-foods,"('Auntie Annes Pretzel Dogs Classic All Beef 4 Count ', ' 16 Oz')",True, 16 Oz,Auntie Annes Pretzel Dogs Classic All Beef 4 Count 
2081,Your Price $8.99 each,Signature SELECT Potstickers Chicken & Vegetable - 26 Oz,($0.35 / Ounce),frozen-foods,"('Signature SELECT Potstickers Chicken & Vegetable ', ' 26 Oz')",True, 26 Oz,Signature SELECT Potstickers Chicken & Vegetable 
2082,Your Price $5.99 each,Jose Ole Beef Cheese Mini Taco - 16.2 Oz,($0.37 / Ounce),frozen-foods,"('Jose Ole Beef Cheese Mini Taco ', ' 16.2 Oz')",True, 16.2 Oz,Jose Ole Beef Cheese Mini Taco 
2083,Your Price $6.49 each,Signature SELECT Bites Fiesta Steak 12 Count - 5.6 Oz,($0.54 / Count),frozen-foods,"('Signature SELECT Bites Fiesta Steak 12 Count ', ' 5.6 Oz')",True, 5.6 Oz,Signature SELECT Bites Fiesta Steak 12 Count 
2084,Your Price $14.99 each,Hot Pockets Pepperoni Pizza Sandwiches Box 12 Count - 54 Oz,($0.28 / Ounce),frozen-foods,"('Hot Pockets Pepperoni Pizza Sandwiches Box 12 Count ', ' 54 Oz')",True, 54 Oz,Hot Pockets Pepperoni Pizza Sandwiches Box 12 Count 
2085,Your Price $7.49 each,Totinos Pizza Rolls Cheese 50 Count - 24.8 Oz,($0.30 / Ounce),frozen-foods,"('Totinos Pizza Rolls Cheese 50 Count ', ' 24.8 Oz')",True, 24.8 Oz,Totinos Pizza Rolls Cheese 50 Count 
2086,Your Price $10.99 each,Signature SELECT Berry Blend Triple - 48 Oz,($0.23 / Ounce),frozen-foods,"('Signature SELECT Berry Blend Triple ', ' 48 Oz')",True, 48 Oz,Signature SELECT Berry Blend Triple 
2087,Your Price $8.99 each,Marie Callenders Chocolate Satin Pie - 25.6 Oz,($0.35 / Ounce),frozen-foods,"('Marie Callenders Chocolate Satin Pie ', ' 25.6 Oz')",True, 25.6 Oz,Marie Callenders Chocolate Satin Pie 
2088,Your Price $12.99 each,O Organics Organic Mixed Berries - 48 Oz,($0.27 / Ounce),frozen-foods,"('O Organics Organic Mixed Berries ', ' 48 Oz')",True, 48 Oz,O Organics Organic Mixed Berries 
2089,Your Price $8.99 each,Marie Callenders Banana Cream Pie - 34.9 Oz,($0.26 / Ounce),frozen-foods,"('Marie Callenders Banana Cream Pie ', ' 34.9 Oz')",True, 34.9 Oz,Marie Callenders Banana Cream Pie 
2090,Your Price $10.99 each,Signature SELECT Blueberries Unsweetened Whole - 48 Oz,($0.23 / Ounce),frozen-foods,"('Signature SELECT Blueberries Unsweetened Whole ', ' 48 Oz')",True, 48 Oz,Signature SELECT Blueberries Unsweetened Whole 
2091,Your Price $8.99 each,Signature SELECT Strawberries - 48 Oz,($0.19 / Ounce),frozen-foods,"('Signature SELECT Strawberries ', ' 48 Oz')",True, 48 Oz,Signature SELECT Strawberries 
2092,Your Price $10.99 each,Signature SELECT Mango Chunks Family Size - 48 Oz,($0.23 / Ounce),frozen-foods,"('Signature SELECT Mango Chunks Family Size ', ' 48 Oz')",True, 48 Oz,Signature SELECT Mango Chunks Family Size 
2093,Your Price $12.99 each,O Organics Organic Blueberries - 48 Oz,($0.27 / Ounce),frozen-foods,"('O Organics Organic Blueberries ', ' 48 Oz')",True, 48 Oz,O Organics Organic Blueberries 
2094,Your Price $8.99 each,Marie Callenders Pie Dutch Apple - 38 Oz,($0.24 / Ounce),frozen-foods,"('Marie Callenders Pie Dutch Apple ', ' 38 Oz')",True, 38 Oz,Marie Callenders Pie Dutch Apple 
2095,Your Price $11.99 each,O Organics Organic Blueberries Strawberries & Mango - 48 Oz,($0.25 / Ounce),frozen-foods,"('O Organics Organic Blueberries Strawberries & Mango ', ' 48 Oz')",True, 48 Oz,O Organics Organic Blueberries Strawberries & Mango 
2096,Your Price $10.99 each,Signature SELECT Fruit Antioxidant Blend - 2 Lb,($5.50 / Pound),frozen-foods,"('Signature SELECT Fruit Antioxidant Blend ', ' 2 Lb')",True, 2 Lb,Signature SELECT Fruit Antioxidant Blend 
2097,Your Price $8.99 each,EDWARDS Pie Creme Chocolate Hersheys Box Frozen - 25.5 Oz,($0.35 / Ounce),frozen-foods,"('EDWARDS Pie Creme Chocolate Hersheys Box Frozen ', ' 25.5 Oz')",True, 25.5 Oz,EDWARDS Pie Creme Chocolate Hersheys Box Frozen 
2098,Your Price $4.79 each,Signature SELECT Raspberries - 12 Oz,($0.40 / Ounce),frozen-foods,"('Signature SELECT Raspberries ', ' 12 Oz')",True, 12 Oz,Signature SELECT Raspberries 
2099,Your Price $11.99 each,O Organics Organic Strawberries Whole Family Pack - 48 Oz,($0.25 / Ounce),frozen-foods,"('O Organics Organic Strawberries Whole Family Pack ', ' 48 Oz')",True, 48 Oz,O Organics Organic Strawberries Whole Family Pack 
2100,Your Price $3.99 each,Signature SELECT Blueberries Whole Unsweetened - 12 Oz,($0.33 / Ounce),frozen-foods,"('Signature SELECT Blueberries Whole Unsweetened ', ' 12 Oz')",True, 12 Oz,Signature SELECT Blueberries Whole Unsweetened 
2101,Your Price $3.99 each,Signature SELECT Cherries Dark Unsweetened - 12 Oz,($0.33 / Ounce),frozen-foods,"('Signature SELECT Cherries Dark Unsweetened ', ' 12 Oz')",True, 12 Oz,Signature SELECT Cherries Dark Unsweetened 
2102,Your Price $2.99 each,Cool Whip Original Whipped Topping Tub - 8 Oz,($0.37 / Ounce),frozen-foods,"('Cool Whip Original Whipped Topping Tub ', ' 8 Oz')",True, 8 Oz,Cool Whip Original Whipped Topping Tub 
2103,Your Price $3.99 each,Signature SELECT Pineapple Chunks - 16 Oz,($0.25 / Ounce),frozen-foods,"('Signature SELECT Pineapple Chunks ', ' 16 Oz')",True, 16 Oz,Signature SELECT Pineapple Chunks 
2104,Your Price $4.79 each,Signature SELECT Peaches Sliced - 16 Oz,($0.30 / Ounce),frozen-foods,"('Signature SELECT Peaches Sliced ', ' 16 Oz')",True, 16 Oz,Signature SELECT Peaches Sliced 
2105,Your Price $3.99 each,Signature SELECT Mango Chunks - 16 Oz,($0.25 / Ounce),frozen-foods,"('Signature SELECT Mango Chunks ', ' 16 Oz')",True, 16 Oz,Signature SELECT Mango Chunks 
2106,Your Price $4.49 each,Sambazon Acai Bowl Amzn Superberry - 6.1 OZ,($0.74 / Ounce),frozen-foods,"('Sambazon Acai Bowl Amzn Superberry ', ' 6.1 OZ')",True, 6.1 OZ,Sambazon Acai Bowl Amzn Superberry 
2107,Your Price $7.49 each,Delizza Puffs Cream Mini Belgian 30 Count - 13.2 Oz,($0.57 / Ounce),frozen-foods,"('Delizza Puffs Cream Mini Belgian 30 Count ', ' 13.2 Oz')",True, 13.2 Oz,Delizza Puffs Cream Mini Belgian 30 Count 
2108,Your Price $10.99 each,Signature Select Blueberries Wild Whole Family Size - 40 Oz,($0.27 / Ounce),frozen-foods,"('Signature Select Blueberries Wild Whole Family Size ', ' 40 Oz')",True, 40 Oz,Signature Select Blueberries Wild Whole Family Size 
2109,Your Price $6.49 each,Pepperidge Farm Cake 3 Layer Coconut - 19.6 Oz,($0.33 / Ounce),frozen-foods,"('Pepperidge Farm Cake 3 Layer Coconut ', ' 19.6 Oz')",True, 19.6 Oz,Pepperidge Farm Cake 3 Layer Coconut 
2110,Your Price $4.99 each,Marie Callenders Pie Pumpkin - 36 Oz,($0.14 / Ounce),frozen-foods,"('Marie Callenders Pie Pumpkin ', ' 36 Oz')",True, 36 Oz,Marie Callenders Pie Pumpkin 
2111,Your Price $6.99 each,Pepperidge Farm Puff Pastry Sheets 2 Count - 17.3 Oz,($0.40 / Ounce),frozen-foods,"('Pepperidge Farm Puff Pastry Sheets 2 Count ', ' 17.3 Oz')",True, 17.3 Oz,Pepperidge Farm Puff Pastry Sheets 2 Count 
2112,Your Price $3.99 each,Signature SELECT Berries Whole Mixed - 12 Oz,($0.33 / Ounce),frozen-foods,"('Signature SELECT Berries Whole Mixed ', ' 12 Oz')",True, 12 Oz,Signature SELECT Berries Whole Mixed 
2113,Your Price $2.79 each,Signature SELECT Juice Orange Orignal - 12 Fl. Oz.,($0.23 / Fl.oz),frozen-foods,"('Signature SELECT Juice Orange Orignal ', ' 12 Fl. Oz.')",True, 12 Fl. Oz.,Signature SELECT Juice Orange Orignal 
2114,Your Price $2.79 each,Signature SELECT Juice Apple - 12 Fl. Oz.,($0.23 / Fl.oz),frozen-foods,"('Signature SELECT Juice Apple ', ' 12 Fl. Oz.')",True, 12 Fl. Oz.,Signature SELECT Juice Apple 
2115,Your Price $1.99 each,Signature SELECT Limeade Frozen Concentrate - 12 Fl. Oz.,($0.17 / Fl.oz),frozen-foods,"('Signature SELECT Limeade Frozen Concentrate ', ' 12 Fl. Oz.')",True, 12 Fl. Oz.,Signature SELECT Limeade Frozen Concentrate 
2116,Your Price $1.99 each,Signature SELECT Fruit Punch Frozen Concentrate - 12 Fl. Oz.,($0.17 / Fl.oz),frozen-foods,"('Signature SELECT Fruit Punch Frozen Concentrate ', ' 12 Fl. Oz.')",True, 12 Fl. Oz.,Signature SELECT Fruit Punch Frozen Concentrate 
2117,Your Price $2.79 each,Signature SELECT Juice Orange Pulp Free - 12 Fl. Oz.,($0.23 / Fl.oz),frozen-foods,"('Signature SELECT Juice Orange Pulp Free ', ' 12 Fl. Oz.')",True, 12 Fl. Oz.,Signature SELECT Juice Orange Pulp Free 
2118,Your Price $3.00 each,Welchs Smoothie Mixed Berry Drink In A Pouch - 6 Fl. Oz.,($0.50 / Fl.oz),frozen-foods,"('Welchs Smoothie Mixed Berry Drink In A Pouch ', ' 6 Fl. Oz.')",True, 6 Fl. Oz.,Welchs Smoothie Mixed Berry Drink In A Pouch 
2119,Your Price $1.99 each,Signature SELECT Lemonade Frozen Concentrate - 12 Fl. Oz.,($0.17 / Fl.oz),frozen-foods,"('Signature SELECT Lemonade Frozen Concentrate ', ' 12 Fl. Oz.')",True, 12 Fl. Oz.,Signature SELECT Lemonade Frozen Concentrate 
2120,Your Price $2.79 each,Signature SELECT Juice Calcium Enriched Orange - 12 Fl. Oz.,($0.23 / Fl.oz),frozen-foods,"('Signature SELECT Juice Calcium Enriched Orange ', ' 12 Fl. Oz.')",True, 12 Fl. Oz.,Signature SELECT Juice Calcium Enriched Orange 
2121,Your Price $2.49 each,Party Ice - 7 Lbs,($0.36 / Pound),frozen-foods,"('Party Ice ', ' 7 Lbs')",True, 7 Lbs,Party Ice 
2122,Your Price $4.29 each,Bacardi Mixers Frozen Concentrated Margarita - 10 Fl. Oz.,($0.43 / Fl.oz),frozen-foods,"('Bacardi Mixers Frozen Concentrated Margarita ', ' 10 Fl. Oz.')",True, 10 Fl. Oz.,Bacardi Mixers Frozen Concentrated Margarita 
2123,Your Price $2.49 each,Signature SELECT Ice Cubed Crystal Clear - 7 Lb,($0.02 / Lb),frozen-foods,"('Signature SELECT Ice Cubed Crystal Clear ', ' 7 Lb')",True, 7 Lb,Signature SELECT Ice Cubed Crystal Clear 
2124,Your Price $2.99 each,5lb Classic Cube - EA,($2.99 / Each),frozen-foods,"('5lb Classic Cube ', ' EA')",True, EA,5lb Classic Cube 
2125,Your Price $5.49 each,Signature Select Refreshe Ice - 20 LB,($0.27 / Lb),frozen-foods,"('Signature Select Refreshe Ice ', ' 20 LB')",True, 20 LB,Signature Select Refreshe Ice 
2126,Your Price $0.28  /  eaeach,Banana - Each,($0.69 / Lb),fruits-vegetables,"('Banana ', ' Each')",True, Each,Banana 
2127,Your Price $2.50 each,Strawberries Prepacked - 1 Lb,($2.50 / Lb),fruits-vegetables,"('Strawberries Prepacked ', ' 1 Lb')",True, 1 Lb,Strawberries Prepacked 
2128,$1.50 ,Medium Hass Avocado,($1.50 / Each),fruits-vegetables,Medium Hass Avocado,False, Each,M
2129,Your Price $5.98 each,Red Seedless Grapes - 2 Lb,($2.99 / Lb),fruits-vegetables,"('Red Seedless Grapes ', ' 2 Lb')",True, 2 Lb,Red Seedless Grapes 
2130,Your Price $6.99 each,Blueberries Prepackaged - 18 Oz.,($0.39 / Ounce),fruits-vegetables,"('Blueberries Prepackaged ', ' 18 Oz.')",True, 18 Oz.,Blueberries Prepackaged 
2131,Your Price $4.99 each,Mandarins Clementine Prepacked Bag - 3 Lb,($1.66 / Lb),fruits-vegetables,"('Mandarins Clementine Prepacked Bag ', ' 3 Lb')",True, 3 Lb,Mandarins Clementine Prepacked Bag 
2132,$1.99 ,Honeycrisp Apple,($1.99 / Lb),fruits-vegetables,Honeycrisp Apple,False, Lb,H
2133,Your Price $2.50 each,Raspberries Prepacked - 6 Oz,($0.42 / Ounce),fruits-vegetables,"('Raspberries Prepacked ', ' 6 Oz')",True, 6 Oz,Raspberries Prepacked 
2134,Your Price $5.98 each,Green Seedless Grapes - 2 Lb,($2.99 / Lb),fruits-vegetables,"('Green Seedless Grapes ', ' 2 Lb')",True, 2 Lb,Green Seedless Grapes 
2135,Your Price $6.99 each,Signature Farms Blueberries - 18 Oz,($0.39 / Ounce),fruits-vegetables,"('Signature Farms Blueberries ', ' 18 Oz')",True, 18 Oz,Signature Farms Blueberries 
2136,Your Price $2.50 each,Fresh Prepacked Blackberries - 6 Oz,($0.42 / Ounce),fruits-vegetables,"('Fresh Prepacked Blackberries ', ' 6 Oz')",True, 6 Oz,Fresh Prepacked Blackberries 
2137,Your Price $3.99 each,Navel Oranges Prepacked Bag - 4 Lb,($1.00 / Lb),fruits-vegetables,"('Navel Oranges Prepacked Bag ', ' 4 Lb')",True, 4 Lb,Navel Oranges Prepacked Bag 
2138,$1.50 ,Hass Avocado Large,($1.50 / Each),fruits-vegetables,Hass Avocado Large,False, Each,H
2139,Your Price $1.50 each,Blueberries Prepackaged - 6 Oz.,($0.25 / Ounce),fruits-vegetables,"('Blueberries Prepackaged ', ' 6 Oz.')",True, 6 Oz.,Blueberries Prepackaged 
2140,$0.79 ,Organic Banana,($0.79 / Lb),fruits-vegetables,Organic Banana,False, Lb,O
2141,Your Price $3.99 each,Gala Apples Prepacked Bag - 3 Lb,($1.33 / Lb),fruits-vegetables,"('Gala Apples Prepacked Bag ', ' 3 Lb')",True, 3 Lb,Gala Apples Prepacked Bag 
2142,$1.99 ,Organic Hass Avocado,($1.99 / Each),fruits-vegetables,Organic Hass Avocado,False, Each,O
2143,$1.99 ,Cosmic Crisp Apple,($1.99 / Lb),fruits-vegetables,Cosmic Crisp Apple,False, Lb,C
2144,$1.99 ,Fuji Apple Large,($1.99 / Lb),fruits-vegetables,Fuji Apple Large,False, Lb,F
2145,Your Price $9.98 each,Cotton Candy Grapes - 2 Lb,($4.99 / Lb),fruits-vegetables,"('Cotton Candy Grapes ', ' 2 Lb')",True, 2 Lb,Cotton Candy Grapes 
2146,Your Price $6.99 each,Darling Mandarins Clementine Prepacked Box - 5 Lb,($1.40 / Lb),fruits-vegetables,"('Darling Mandarins Clementine Prepacked Box ', ' 5 Lb')",True, 5 Lb,Darling Mandarins Clementine Prepacked Box 
2147,Your Price $4.99 each,Organic Strawberries Prepacked - 1 Lb,($4.99 / Lb),fruits-vegetables,"('Organic Strawberries Prepacked ', ' 1 Lb')",True, 1 Lb,Organic Strawberries Prepacked 
2148,Your Price $4.99 each,Signature Farms Green Seedless Grapes - 2 Lb,($2.50 / Lb),fruits-vegetables,"('Signature Farms Green Seedless Grapes ', ' 2 Lb')",True, 2 Lb,Signature Farms Green Seedless Grapes 
2149,Your Price $3.99 each,Produce Organic Raspberries Prepacked - 6 Oz,($0.67 / Ounce),fruits-vegetables,"('Produce Organic Raspberries Prepacked ', ' 6 Oz')",True, 6 Oz,Produce Organic Raspberries Prepacked 
2150,$3.49 ,Gold Pineapple,($3.49 / Each),fruits-vegetables,Gold Pineapple,False, Each,G
2151,$1.49 ,Navel Orange Large,($1.49 / Lb),fruits-vegetables,Navel Orange Large,False, Lb,N
2152,$2.99 ,Cantaloupe Melon,($2.99 / Each),fruits-vegetables,Cantaloupe Melon,False, Each,C
2153,$1.50 ,Extra Large Hass Avocado,($1.50 / Each),fruits-vegetables,Extra Large Hass Avocado,False, Each,E
2154,Your Price $7.98 each,Red Cherries - 2.00 Lb,($3.99 / Lb),fruits-vegetables,"('Red Cherries ', ' 2.00 Lb')",True, 2.00 Lb,Red Cherries 
2155,$1.99 ,Bartlett Pear,($1.99 / Lb),fruits-vegetables,Bartlett Pear,False, Lb,B
2156,Your Price $4.33 each,Taylor Farms Caesar Chopped Salad Kit Bag - 11.15 Oz,($0.39 / Ounce),fruits-vegetables,"('Taylor Farms Caesar Chopped Salad Kit Bag ', ' 11.15 Oz')",True, 11.15 Oz,Taylor Farms Caesar Chopped Salad Kit Bag 
2157,Your Price $5.99 each,O Organics Organic Spring Mix - 16 Oz,($0.37 / Ounce),fruits-vegetables,"('O Organics Organic Spring Mix ', ' 16 Oz')",True, 16 Oz,O Organics Organic Spring Mix 
2158,Your Price $4.33 each,Taylor Farms Asian Chopped Salad Kit Bag - 13 OZ,($0.33 / Ounce),fruits-vegetables,"('Taylor Farms Asian Chopped Salad Kit Bag ', ' 13 OZ')",True, 13 OZ,Taylor Farms Asian Chopped Salad Kit Bag 
2159,Your Price $4.33 each,Taylor Farms Avocado Ranch Chopped Salad Kit Bag - 12.8 Oz,($0.34 / Ounce),fruits-vegetables,"('Taylor Farms Avocado Ranch Chopped Salad Kit Bag ', ' 12.8 Oz')",True, 12.8 Oz,Taylor Farms Avocado Ranch Chopped Salad Kit Bag 
2160,Your Price $5.99 each,Signature Farms Broccoli Florets - 28 Oz,($0.21 / Ounce),fruits-vegetables,"('Signature Farms Broccoli Florets ', ' 28 Oz')",True, 28 Oz,Signature Farms Broccoli Florets 
2161,Your Price $4.33 each,Taylor Farms Everything Chopped Salad Kit Bag - 11.57 Oz,($0.37 / Ounce),fruits-vegetables,"('Taylor Farms Everything Chopped Salad Kit Bag ', ' 11.57 Oz')",True, 11.57 Oz,Taylor Farms Everything Chopped Salad Kit Bag 
2162,Your Price $4.00 each,Fresh Express Caesar Supreme Salad Kit - 10.5 Oz,($0.38 / Ounce),fruits-vegetables,"('Fresh Express Caesar Supreme Salad Kit ', ' 10.5 Oz')",True, 10.5 Oz,Fresh Express Caesar Supreme Salad Kit 
2163,Your Price $5.99 each,Signature Farms Vegetable Medley - 28 Oz,($0.21 / Ounce),fruits-vegetables,"('Signature Farms Vegetable Medley ', ' 28 Oz')",True, 28 Oz,Signature Farms Vegetable Medley 
2164,$0.25 ,Grab N Go Mixed Berry,($0.25 / Ounce),fruits-vegetables,Grab N Go Mixed Berry,False, Ounce,G
2165,Your Price $5.99 each,O Organics Organic Baby Spinach - 16 Oz,($0.37 / Ounce),fruits-vegetables,"('O Organics Organic Baby Spinach ', ' 16 Oz')",True, 16 Oz,O Organics Organic Baby Spinach 
2166,Your Price $9.99 each,Del Monte SunFresh Red Grapefruit No Sugar Added - 64 Oz,($0.16 / Ounce),fruits-vegetables,"('Del Monte SunFresh Red Grapefruit No Sugar Added ', ' 64 Oz')",True, 64 Oz,Del Monte SunFresh Red Grapefruit No Sugar Added 
2167,Your Price $5.99 each,Signature Farms Green Beans - 24 Oz,($0.25 / Ounce),fruits-vegetables,"('Signature Farms Green Beans ', ' 24 Oz')",True, 24 Oz,Signature Farms Green Beans 
2168,Your Price $4.33 each,Taylor Farms Southwest Chopped Salad Kit Bag - 12.6 OZ,($0.34 / Ounce),fruits-vegetables,"('Taylor Farms Southwest Chopped Salad Kit Bag ', ' 12.6 OZ')",True, 12.6 OZ,Taylor Farms Southwest Chopped Salad Kit Bag 
2169,$1.65 ,Signature Farms Baby Peeled Carrots 2 Lb Bag,($1.65 / Lb),fruits-vegetables,Signature Farms Baby Peeled Carrots 2 Lb Bag,False, Lb,S
2170,Your Price $3.33 each,Fresh Express Salad Greens Veggie Lovers - 11 Oz,($0.30 / Ounce),fruits-vegetables,"('Fresh Express Salad Greens Veggie Lovers ', ' 11 Oz')",True, 11 Oz,Fresh Express Salad Greens Veggie Lovers 
2171,Your Price $1.99 each,Signature Farms Lettuce Shreds - 8 Oz,($0.25 / Ounce),fruits-vegetables,"('Signature Farms Lettuce Shreds ', ' 8 Oz')",True, 8 Oz,Signature Farms Lettuce Shreds 
2172,Your Price $4.33 each,Taylor Farms Sweet Kale Chopped Salad Kit Bag - 12 Oz,($0.36 / Ounce),fruits-vegetables,"('Taylor Farms Sweet Kale Chopped Salad Kit Bag ', ' 12 Oz')",True, 12 Oz,Taylor Farms Sweet Kale Chopped Salad Kit Bag 
2173,Your Price $4.49 each,Signature Farms Coleslaw Broccoli - 12 Oz,($0.37 / Ounce),fruits-vegetables,"('Signature Farms Coleslaw Broccoli ', ' 12 Oz')",True, 12 Oz,Signature Farms Coleslaw Broccoli 
2174,Your Price $4.00 each,Fresh Express Bacon Caesar Salad Kit - 7 Oz,($0.39 / Ounce),fruits-vegetables,"('Fresh Express Bacon Caesar Salad Kit ', ' 7 Oz')",True, 7 Oz,Fresh Express Bacon Caesar Salad Kit 
2175,Your Price $3.33 each,Fresh Express Salad Greens American - 11 Oz,($0.30 / Ounce),fruits-vegetables,"('Fresh Express Salad Greens American ', ' 11 Oz')",True, 11 Oz,Fresh Express Salad Greens American 
2176,Your Price $1.99 each,Signature Farms Garden Salad - 12 Oz,($0.17 / Ounce),fruits-vegetables,"('Signature Farms Garden Salad ', ' 12 Oz')",True, 12 Oz,Signature Farms Garden Salad 
2177,Your Price $7.99 each,Fruit Salad Premium Medium - 22 Oz,($0.36 / Ounce),fruits-vegetables,"('Fruit Salad Premium Medium ', ' 22 Oz')",True, 22 Oz,Fruit Salad Premium Medium 
2178,Your Price $5.99 each,Signature Farms Broccoli Stir Fry - 28 Oz,($0.21 / Ounce),fruits-vegetables,"('Signature Farms Broccoli Stir Fry ', ' 28 Oz')",True, 28 Oz,Signature Farms Broccoli Stir Fry 
2179,Your Price $3.33 each,Fresh Express Greens Leafy Green Romaine Salad - 9 Oz,($0.37 / Ounce),fruits-vegetables,"('Fresh Express Greens Leafy Green Romaine Salad ', ' 9 Oz')",True, 9 Oz,Fresh Express Greens Leafy Green Romaine Salad 
2180,Your Price $3.33 each,Fresh Express Greens Sweet Butter Salad - 6 Oz,($0.56 / Ounce),fruits-vegetables,"('Fresh Express Greens Sweet Butter Salad ', ' 6 Oz')",True, 6 Oz,Fresh Express Greens Sweet Butter Salad 
2181,$2.49 ,Broccoli Crown,($2.49 / Lb),fruits-vegetables,Broccoli Crown,False, Lb,B
2182,$2.99 ,Green Asparagus,($2.99 / Lb),fruits-vegetables,Green Asparagus,False, Lb,G
2183,$0.99 ,Cucumber,($0.99 / Each),fruits-vegetables,Cucumber,False, Each,C
2184,Your Price $4.29 each,Signature Farms Romaine Hearts Prepackaged - 3 Count,($1.43 / Count),fruits-vegetables,"('Signature Farms Romaine Hearts Prepackaged ', ' 3 Count')",True, 3 Count,Signature Farms Romaine Hearts Prepackaged 
2185,Your Price $2.99 each,Celery - 1 Bunch,($2.99 / Each),fruits-vegetables,"('Celery ', ' 1 Bunch')",True, 1 Bunch,Celery 
2186,Your Price $4.99 each,Signature Farms Gold Potatoes Prepackaged - 5 Lb,($1.00 / Lb),fruits-vegetables,"('Signature Farms Gold Potatoes Prepackaged ', ' 5 Lb')",True, 5 Lb,Signature Farms Gold Potatoes Prepackaged 
2187,Your Price $4.99 each,Russet Potatoes Prepackaged - 10 Lb,($0.50 / Lb),fruits-vegetables,"('Russet Potatoes Prepackaged ', ' 10 Lb')",True, 10 Lb,Russet Potatoes Prepackaged 
2188,$2.49 ,Iceberg Lettuce,($2.49 / Each),fruits-vegetables,Iceberg Lettuce,False, Each,I
2189,$1.99 ,Red Bell Pepper,($1.99 / Each),fruits-vegetables,Red Bell Pepper,False, Each,R
2190,$0.99 ,Green Bell Pepper,($0.99 / Each),fruits-vegetables,Green Bell Pepper,False, Each,G
2191,Your Price $2.79 each,Yellow Onions Prepacked Bag - 3 Lb,($0.93 / Lb),fruits-vegetables,"('Yellow Onions Prepacked Bag ', ' 3 Lb')",True, 3 Lb,Yellow Onions Prepacked Bag 
2192,Your Price $1.99 each,Brussels Sprouts - 1 Lb,($1.99 / Lb),fruits-vegetables,"('Brussels Sprouts ', ' 1 Lb')",True, 1 Lb,Brussels Sprouts 
2193,Your Price $2.99 each,Russet Potatoes - 5 Lb,($0.60 / Lb),fruits-vegetables,"('Russet Potatoes ', ' 5 Lb')",True, 5 Lb,Russet Potatoes 
2194,$1.79 ,Red Roma Tomato,($1.79 / Lb),fruits-vegetables,Red Roma Tomato,False, Lb,R
2195,Your Price $3.88 each,Signature Farms Tomatoes Campari - 16 Oz,($0.24 / Ounce),fruits-vegetables,"('Signature Farms Tomatoes Campari ', ' 16 Oz')",True, 16 Oz,Signature Farms Tomatoes Campari 
2196,$0.89 ,Green Cabbage,($0.89 / Lb),fruits-vegetables,Green Cabbage,False, Lb,G
2197,Your Price $4.49 each,Organic Romaine Hearts Prepackaged - 3 Count,($1.50 / Count),fruits-vegetables,"('Organic Romaine Hearts Prepackaged ', ' 3 Count')",True, 3 Count,Organic Romaine Hearts Prepackaged 
2198,Your Price $0.99 each,Green Beans - 1 Lb,($0.99 / Lb),fruits-vegetables,"('Green Beans ', ' 1 Lb')",True, 1 Lb,Green Beans 
2199,$2.89 ,Organic White Cauliflower,($2.89 / Lb),fruits-vegetables,Organic White Cauliflower,False, Lb,O
2200,$1.49 ,Yellow Sweet Onion,($1.49 / Lb),fruits-vegetables,Yellow Sweet Onion,False, Lb,Y
2201,Your Price $0.99 each,Carrots - 1 Lb,($0.99 / Lb),fruits-vegetables,"('Carrots ', ' 1 Lb')",True, 1 Lb,Carrots 
2202,$0.99 ,Russet Potatoes,($0.99 / Lb),fruits-vegetables,Russet Potatoes,False, Lb,R
2203,Your Price $4.29 each,NatureSweet Cherub Salad Tomatoes Heavenly - 10 Oz,($0.43 / Ounce),fruits-vegetables,"('NatureSweet Cherub Salad Tomatoes Heavenly ', ' 10 Oz')",True, 10 Oz,NatureSweet Cherub Salad Tomatoes Heavenly 
2204,Your Price $3.29 each,Organic Carrots Prepackaged - 2lb,($1.65 / Lb),fruits-vegetables,"('Organic Carrots Prepackaged ', ' 2lb')",True, 2lb,Organic Carrots Prepackaged 
2205,$1.99 ,Orange Bell Pepper,($1.99 / Each),fruits-vegetables,Orange Bell Pepper,False, Each,O
2206,$1.79 ,Cucumber Long Hot House English,($1.79 / Each),fruits-vegetables,Cucumber Long Hot House English,False, Each,C
2207,Your Price $1.50  /  eaeach,Green Onions - 1 Bunch,($1.50 / Each),fruits-vegetables,"('Green Onions ', ' 1 Bunch')",True, 1 Bunch,Green Onions 
2208,$5.99 ,Organic Green Asparagus,($5.99 / Lb),fruits-vegetables,Organic Green Asparagus,False, Lb,O
2209,Your Price $5.99 each,Signature Farms Sweet Mini Peppers - 32 Oz,($0.19 / Ounce),fruits-vegetables,"('Signature Farms Sweet Mini Peppers ', ' 32 Oz')",True, 32 Oz,Signature Farms Sweet Mini Peppers 
2210,Your Price $6.99 each,Wonderful Pistachios Roasted & Salted Pistachios - 16 Oz,($0.44 / Ounce),fruits-vegetables,"('Wonderful Pistachios Roasted & Salted Pistachios ', ' 16 Oz')",True, 16 Oz,Wonderful Pistachios Roasted & Salted Pistachios 
2211,Your Price $6.99 each,Signature Farms Pistachios Roasted & Salted - 20 OZ,($0.35 / Ounce),fruits-vegetables,"('Signature Farms Pistachios Roasted & Salted ', ' 20 OZ')",True, 20 OZ,Signature Farms Pistachios Roasted & Salted 
2212,Your Price $16.99 each,Signature Farms Apricots Dried Family Pack - 40 Oz,($0.42 / Ounce),fruits-vegetables,"('Signature Farms Apricots Dried Family Pack ', ' 40 Oz')",True, 40 Oz,Signature Farms Apricots Dried Family Pack 
2213,Your Price $6.99 each,Wonderful Pistachios No Shells Roasted & Salted - 6 Oz.,($1.17 / Ounce),fruits-vegetables,"('Wonderful Pistachios No Shells Roasted & Salted ', ' 6 Oz.')",True, 6 Oz.,Wonderful Pistachios No Shells Roasted & Salted 
2214,Your Price $7.99 each,Craisins Original Value Pack - 24 Oz,($0.33 / Ounce),fruits-vegetables,"('Craisins Original Value Pack ', ' 24 Oz')",True, 24 Oz,Craisins Original Value Pack 
2215,Your Price $3.99 each,Signature Farms Raisins Seedless - 20 Oz,($0.20 / Ounce),fruits-vegetables,"('Signature Farms Raisins Seedless ', ' 20 Oz')",True, 20 Oz,Signature Farms Raisins Seedless 
2216,Your Price $6.99 each,Natural Delights Pitted Medjool Dates - 12 Oz.,($0.58 / Ounce),fruits-vegetables,"('Natural Delights Pitted Medjool Dates ', ' 12 Oz.')",True, 12 Oz.,Natural Delights Pitted Medjool Dates 
2217,Your Price $8.99 each,Made In Nature Organic Dried Mangoes - 8 Oz.,($1.12 / Ounce),fruits-vegetables,"('Made In Nature Organic Dried Mangoes ', ' 8 Oz.')",True, 8 Oz.,Made In Nature Organic Dried Mangoes 
2218,Your Price $7.49 each,Sunsweet Prunes Pitted Canister - 16 Oz,($0.47 / Ounce),fruits-vegetables,"('Sunsweet Prunes Pitted Canister ', ' 16 Oz')",True, 16 Oz,Sunsweet Prunes Pitted Canister 
2219,Your Price $12.99 each,Signature Farms Mangoes Dried Family Pack - 16 Oz,($0.81 / Ounce),fruits-vegetables,"('Signature Farms Mangoes Dried Family Pack ', ' 16 Oz')",True, 16 Oz,Signature Farms Mangoes Dried Family Pack 
2220,Your Price $13.99 each,Almonds Raw Zip Bag - 32 Oz,($0.44 / Ounce),fruits-vegetables,"('Almonds Raw Zip Bag ', ' 32 Oz')",True, 32 Oz,Almonds Raw Zip Bag 
2221,Your Price $13.99 each,O Organics Dried Mango Family Pack - 16 Oz,($0.87 / Ounce),fruits-vegetables,"('O Organics Dried Mango Family Pack ', ' 16 Oz')",True, 16 Oz,O Organics Dried Mango Family Pack 
2222,Your Price $8.79 each,Sun-Maid Raisins Sun Dried - 32 Oz,($0.27 / Ounce),fruits-vegetables,"('Sun Maid Raisins Sun Dried', '32 Oz')",True,32 Oz,Sun Maid Raisins Sun Dried
2223,Your Price $4.99 each,Craisins Original - 12 Oz,($0.42 / Ounce),fruits-vegetables,"('Craisins Original ', ' 12 Oz')",True, 12 Oz,Craisins Original 
2224,Your Price $3.99 each,Wonderful Pistachios Roasted & Salted - 8 Oz.,($0.50 / Ounce),fruits-vegetables,"('Wonderful Pistachios Roasted & Salted ', ' 8 Oz.')",True, 8 Oz.,Wonderful Pistachios Roasted & Salted 
2225,Your Price $4.89 each,Sun-Maid Natural California Raisins - 20 Oz,($0.24 / Ounce),fruits-vegetables,"('Sun Maid Natural California Raisins', '20 Oz')",True,20 Oz,Sun Maid Natural California Raisins
2226,Your Price $3.99 each,Signature Farms Apricots Fancy Dried - 6 Oz,($0.67 / Ounce),fruits-vegetables,"('Signature Farms Apricots Fancy Dried ', ' 6 Oz')",True, 6 Oz,Signature Farms Apricots Fancy Dried 
2227,Your Price $3.99 each,Signature Farms Cherries Dried - 5 Oz,($0.80 / Ounce),fruits-vegetables,"('Signature Farms Cherries Dried ', ' 5 Oz')",True, 5 Oz,Signature Farms Cherries Dried 
2228,Your Price $9.99 each,Wonderful Pistachios No Shells Roasted & Salted - 12 Oz,($0.83 / Ounce),fruits-vegetables,"('Wonderful Pistachios No Shells Roasted & Salted ', ' 12 Oz')",True, 12 Oz,Wonderful Pistachios No Shells Roasted & Salted 
2229,Your Price $3.49 each,O Organics Organic Banana Chips Dried Unsulfured - 6 Oz,($0.58 / Ounce),fruits-vegetables,"('O Organics Organic Banana Chips Dried Unsulfured ', ' 6 Oz')",True, 6 Oz,O Organics Organic Banana Chips Dried Unsulfured 
2230,Your Price $5.00 each,Signature Farms Peanuts Roasted & Salted - 32 Oz,($0.16 / Ounce),fruits-vegetables,"('Signature Farms Peanuts Roasted & Salted ', ' 32 Oz')",True, 32 Oz,Signature Farms Peanuts Roasted & Salted 
2231,Your Price $3.99 each,Signature Farms Dried Mango Philippines - 4 Oz,($1.00 / Ounce),fruits-vegetables,"('Signature Farms Dried Mango Philippines ', ' 4 Oz')",True, 4 Oz,Signature Farms Dried Mango Philippines 
2232,Your Price $5.99 each,O Organics Organic Pistachios Roasted & Salted - 7 Oz,($0.86 / Ounce),fruits-vegetables,"('O Organics Organic Pistachios Roasted & Salted ', ' 7 Oz')",True, 7 Oz,O Organics Organic Pistachios Roasted & Salted 
2233,Your Price $2.99 each,Signature Farms Prunes Dried Pitted - 9 Oz,($0.33 / Ounce),fruits-vegetables,"('Signature Farms Prunes Dried Pitted ', ' 9 Oz')",True, 9 Oz,Signature Farms Prunes Dried Pitted 
2234,Your Price $3.99 each,Barnana Banana Bites Organic Chewy Chocolate - 3.5 Oz,($1.14 / Ounce),fruits-vegetables,"('Barnana Banana Bites Organic Chewy Chocolate ', ' 3.5 Oz')",True, 3.5 Oz,Barnana Banana Bites Organic Chewy Chocolate 
2235,Your Price $4.96 each,Sugar N Spice Ground Cardamom - 1 Oz,($4.96 / Ounce),fruits-vegetables,"('Sugar N Spice Ground Cardamom ', ' 1 Oz')",True, 1 Oz,Sugar N Spice Ground Cardamom 
2236,Your Price $5.99 each,Cashews Rs Tub - 9 Oz,($0.67 / Ounce),fruits-vegetables,"('Cashews Rs Tub ', ' 9 Oz')",True, 9 Oz,Cashews Rs Tub 
2237,Your Price $11.99 each,Happy Heart Mix Zip Bag - 32 Oz,($0.37 / Ounce),fruits-vegetables,"('Happy Heart Mix Zip Bag ', ' 32 Oz')",True, 32 Oz,Happy Heart Mix Zip Bag 
2238,Your Price $3.99 each,Yogurt Pretzels - 8 Oz,($0.50 / Ounce),fruits-vegetables,"('Yogurt Pretzels ', ' 8 Oz')",True, 8 Oz,Yogurt Pretzels 
2239,Your Price $4.99 each,Double Dipped Peanuts - 14 Oz,($0.36 / Ounce),fruits-vegetables,"('Double Dipped Peanuts ', ' 14 Oz')",True, 14 Oz,Double Dipped Peanuts 
2240,Your Price $5.99 each,Pecan Pieces Flat Bag - 8 Oz,($0.75 / Ounce),fruits-vegetables,"('Pecan Pieces Flat Bag ', ' 8 Oz')",True, 8 Oz,Pecan Pieces Flat Bag 
2241,Your Price $6.99 each,Pecan Halves - 8 Oz,($0.87 / Ounce),fruits-vegetables,"('Pecan Halves ', ' 8 Oz')",True, 8 Oz,Pecan Halves 
2242,Your Price $5.99 each,Walnuts - 8 Oz,($0.75 / Ounce),fruits-vegetables,"('Walnuts ', ' 8 Oz')",True, 8 Oz,Walnuts 
2243,Your Price $6.99 each,Dark Chocolate Almond - 13 OZ,($0.54 / Ounce),fruits-vegetables,"('Dark Chocolate Almond ', ' 13 OZ')",True, 13 OZ,Dark Chocolate Almond 
2244,Your Price $2.99 each,Sunflower Seeds R/S Flat Bag - 10 Oz,($0.30 / Ounce),fruits-vegetables,"('Sunflower Seeds R/S Flat Bag ', ' 10 Oz')",True, 10 Oz,Sunflower Seeds R/S Flat Bag 
2245,Your Price $5.99 each,Sesame Sticks Zip Bag - 17 Oz,($0.35 / Ounce),fruits-vegetables,"('Sesame Sticks Zip Bag ', ' 17 Oz')",True, 17 Oz,Sesame Sticks Zip Bag 
2246,Your Price $4.99 each,Chocolate Raisins - 12 OZ,($0.42 / Ounce),fruits-vegetables,"('Chocolate Raisins ', ' 12 OZ')",True, 12 OZ,Chocolate Raisins 
2247,Your Price $3.99 each,Chocolate Pretzels - 8 OZ,($0.50 / Ounce),fruits-vegetables,"('Chocolate Pretzels ', ' 8 OZ')",True, 8 OZ,Chocolate Pretzels 
2248,Your Price $6.49 each,Almonds Raw Flat Bag - 10 Oz,($0.65 / Ounce),fruits-vegetables,"('Almonds Raw Flat Bag ', ' 10 Oz')",True, 10 Oz,Almonds Raw Flat Bag 
2249,Your Price $4.49 each,Chia Seeds Tub - 5 Oz,($0.90 / Ounce),fruits-vegetables,"('Chia Seeds Tub ', ' 5 Oz')",True, 5 Oz,Chia Seeds Tub 
2250,Your Price $6.99 each,Sunflower Meat Roasted Salted Zip Bag - 32 Oz,($0.22 / Ounce),fruits-vegetables,"('Sunflower Meat Roasted Salted Zip Bag ', ' 32 Oz')",True, 32 Oz,Sunflower Meat Roasted Salted Zip Bag 
2251,Your Price $6.99 each,Pine Nuts Tub - 4 Oz,($1.75 / Ounce),fruits-vegetables,"('Pine Nuts Tub ', ' 4 Oz')",True, 4 Oz,Pine Nuts Tub 
2252,Your Price $5.99 each,Cashews Rs - 10 Oz,($0.60 / Ounce),fruits-vegetables,"('Cashews Rs ', ' 10 Oz')",True, 10 Oz,Cashews Rs 
2253,Your Price $3.99 each,Fruit Slices Asstd Tub - 15 OZ,($0.27 / Ounce),fruits-vegetables,"('Fruit Slices Asstd Tub ', ' 15 OZ')",True, 15 OZ,Fruit Slices Asstd Tub 
2254,Your Price $3.99 each,Gummy Bears 12 Flavors - 16 OZ,($0.25 / Ounce),fruits-vegetables,"('Gummy Bears 12 Flavors ', ' 16 OZ')",True, 16 OZ,Gummy Bears 12 Flavors 
2255,Your Price $6.99 each,Milk Chocolate Covered Cashews - 10 Oz,($0.70 / Ounce),fruits-vegetables,"('Milk Chocolate Covered Cashews ', ' 10 Oz')",True, 10 Oz,Milk Chocolate Covered Cashews 
2256,Your Price $4.99 each,Dark Chocolate Nonpariels - 9 Oz,($0.55 / Ounce),fruits-vegetables,"('Dark Chocolate Nonpariels ', ' 9 Oz')",True, 9 Oz,Dark Chocolate Nonpariels 
2257,Your Price $4.99 each,Chocolate Malt Balls - 14 OZ,($0.36 / Ounce),fruits-vegetables,"('Chocolate Malt Balls ', ' 14 OZ')",True, 14 OZ,Chocolate Malt Balls 
2258,Your Price $7.99 each,Dark Chocolate Covered Dried Cherries - Each,($7.99 / Each),fruits-vegetables,"('Dark Chocolate Covered Dried Cherries ', ' Each')",True, Each,Dark Chocolate Covered Dried Cherries 
2259,Your Price $5.99 each,Milk Chocolate Toffee Almonds - 10 Oz,($0.60 / Ounce),fruits-vegetables,"('Milk Chocolate Toffee Almonds ', ' 10 Oz')",True, 10 Oz,Milk Chocolate Toffee Almonds 
2260,Your Price $3.99 each,Gumyy Worms Asst Tub - 16 OZ,($0.25 / Ounce),fruits-vegetables,"('Gumyy Worms Asst Tub ', ' 16 OZ')",True, 16 OZ,Gumyy Worms Asst Tub 
2261,Your Price $4.49 each,Natures Earthly Choice Rice Black - 14 OZ,($0.75 / Ounce),fruits-vegetables,"('Natures Earthly Choice Rice Black ', ' 14 OZ')",True, 14 OZ,Natures Earthly Choice Rice Black 
2262,Your Price $6.99 each,Milk Choc Almond Tub - 13 OZ,($0.54 / Ounce),fruits-vegetables,"('Milk Choc Almond Tub ', ' 13 OZ')",True, 13 OZ,Milk Choc Almond Tub 
2263,Your Price $5.99 each,Milk Chocolate Bridge Mix - 12 Oz,($0.50 / Ounce),fruits-vegetables,"('Milk Chocolate Bridge Mix ', ' 12 Oz')",True, 12 Oz,Milk Chocolate Bridge Mix 
2264,Your Price $11.99 each,Sahara Gold Xl Medjool Dates - 32 Oz,($0.37 / Ounce),fruits-vegetables,"('Sahara Gold Xl Medjool Dates ', ' 32 Oz')",True, 32 Oz,Sahara Gold Xl Medjool Dates 
2265,Your Price $2.00 each,Barilla Pasta Spaghetti Box - 16 Oz,($0.13 / Ounce),grains-pasta-sides,"('Barilla Pasta Spaghetti Box ', ' 16 Oz')",True, 16 Oz,Barilla Pasta Spaghetti Box 
2266,Your Price $2.99 each,Ancient Harvest Gluten Free Quinoa Rotini Pasta - 8 OZ,($0.37 / Ounce),grains-pasta-sides,"('Ancient Harvest Gluten Free Quinoa Rotini Pasta ', ' 8 OZ')",True, 8 OZ,Ancient Harvest Gluten Free Quinoa Rotini Pasta 
2267,Your Price $1.67 each,Signature SELECT Pasta Spaghetti Box - 16 Oz,($0.10 / Ounce),grains-pasta-sides,"('Signature SELECT Pasta Spaghetti Box ', ' 16 Oz')",True, 16 Oz,Signature SELECT Pasta Spaghetti Box 
2268,Your Price $2.00 each,Barilla Pasta Penne No. 72 Box - 16 Oz,($0.13 / Ounce),grains-pasta-sides,"('Barilla Pasta Penne No. 72 Box ', ' 16 Oz')",True, 16 Oz,Barilla Pasta Penne No. 72 Box 
2269,Your Price $6.99 each,Rice Select Couscous Pearl Tri-Color - 24.5 Oz,($0.29 / Ounce),grains-pasta-sides,"('Rice Select Couscous Pearl Tri Color', '24.5 Oz')",True,24.5 Oz,Rice Select Couscous Pearl Tri Color
2270,Your Price $2.99 each,Signature SELECT Pasta Spaghetti Box - 32 Oz,($0.09 / Ounce),grains-pasta-sides,"('Signature SELECT Pasta Spaghetti Box ', ' 32 Oz')",True, 32 Oz,Signature SELECT Pasta Spaghetti Box 
2271,Your Price $2.00 each,Barilla Pasta Angel Hair Box - 16 Oz,($0.13 / Ounce),grains-pasta-sides,"('Barilla Pasta Angel Hair Box ', ' 16 Oz')",True, 16 Oz,Barilla Pasta Angel Hair Box 
2272,Your Price $2.00 each,Barilla Pasta Spaghetti Thin Box - 16 Oz,($0.13 / Ounce),grains-pasta-sides,"('Barilla Pasta Spaghetti Thin Box ', ' 16 Oz')",True, 16 Oz,Barilla Pasta Spaghetti Thin Box 
2273,Your Price $6.99 each,Rice Select Couscous Pearl Original - 24.5 Oz,($0.29 / Ounce),grains-pasta-sides,"('Rice Select Couscous Pearl Original ', ' 24.5 Oz')",True, 24.5 Oz,Rice Select Couscous Pearl Original 
2274,Your Price $2.00 each,Barilla Pasta Fettuccine Box - 16 Oz,($0.13 / Ounce),grains-pasta-sides,"('Barilla Pasta Fettuccine Box ', ' 16 Oz')",True, 16 Oz,Barilla Pasta Fettuccine Box 
2275,Your Price $7.99 each,Rice Select Couscous Original - 26.5 Oz,($0.30 / Ounce),grains-pasta-sides,"('Rice Select Couscous Original ', ' 26.5 Oz')",True, 26.5 Oz,Rice Select Couscous Original 
2276,Your Price $2.00 each,Barilla Pasta Spaghetti Thick No. 7 Box - 16 Oz,($0.13 / Ounce),grains-pasta-sides,"('Barilla Pasta Spaghetti Thick No. 7 Box ', ' 16 Oz')",True, 16 Oz,Barilla Pasta Spaghetti Thick No. 7 Box 
2277,Your Price $1.67 each,Signature SELECT Pasta Angel Hair Box - 16 Oz,($0.10 / Ounce),grains-pasta-sides,"('Signature SELECT Pasta Angel Hair Box ', ' 16 Oz')",True, 16 Oz,Signature SELECT Pasta Angel Hair Box 
2278,Your Price $2.50 each,Barilla Pasta Fettuccine Gluten Free Box - 12 Oz,($0.21 / Ounce),grains-pasta-sides,"('Barilla Pasta Fettuccine Gluten Free Box ', ' 12 Oz')",True, 12 Oz,Barilla Pasta Fettuccine Gluten Free Box 
2279,Your Price $2.29 each,Signature SELECT Pasta Egg Noodles Wide Bag - 16 Oz,($0.14 / Ounce),grains-pasta-sides,"('Signature SELECT Pasta Egg Noodles Wide Bag ', ' 16 Oz')",True, 16 Oz,Signature SELECT Pasta Egg Noodles Wide Bag 
2280,Your Price $1.67 each,Signature SELECT Pasta Spaghetti Thin Box - 16 Oz,($0.10 / Ounce),grains-pasta-sides,"('Signature SELECT Pasta Spaghetti Thin Box ', ' 16 Oz')",True, 16 Oz,Signature SELECT Pasta Spaghetti Thin Box 
2281,Your Price $2.29 each,Signature SELECT Pasta Egg Noodles Extra Wide - 16 Oz,($0.14 / Ounce),grains-pasta-sides,"('Signature SELECT Pasta Egg Noodles Extra Wide ', ' 16 Oz')",True, 16 Oz,Signature SELECT Pasta Egg Noodles Extra Wide 
2282,Your Price $2.50 each,Barilla Pasta Spaghetti Gluten Free Box - 12 Oz,($0.21 / Ounce),grains-pasta-sides,"('Barilla Pasta Spaghetti Gluten Free Box ', ' 12 Oz')",True, 12 Oz,Barilla Pasta Spaghetti Gluten Free Box 
2283,Your Price $1.67 each,Signature Select Pasta Elbow Macaroni Small - 16 OZ,($0.10 / Ounce),grains-pasta-sides,"('Signature Select Pasta Elbow Macaroni Small ', ' 16 OZ')",True, 16 OZ,Signature Select Pasta Elbow Macaroni Small 
2284,Your Price $2.79 each,No Yolks Pasta Enriched Egg White Extra Broad - 12 Oz,($0.03 / Ounce),grains-pasta-sides,"('No Yolks Pasta Enriched Egg White Extra Broad ', ' 12 Oz')",True, 12 Oz,No Yolks Pasta Enriched Egg White Extra Broad 
2285,Your Price $1.67 each,Signature SELECT Pasta Penne Rigate Box - 16 Oz,($0.10 / Ounce),grains-pasta-sides,"('Signature SELECT Pasta Penne Rigate Box ', ' 16 Oz')",True, 16 Oz,Signature SELECT Pasta Penne Rigate Box 
2286,Your Price $1.67 each,Signature SELECT Pasta Rigatoni Box - 16 Oz,($0.10 / Ounce),grains-pasta-sides,"('Signature SELECT Pasta Rigatoni Box ', ' 16 Oz')",True, 16 Oz,Signature SELECT Pasta Rigatoni Box 
2287,Your Price $6.99 each,Buitoni Three Cheese Tortellini - 20 Oz.,($0.35 / Ounce),grains-pasta-sides,"('Buitoni Three Cheese Tortellini ', ' 20 Oz.')",True, 20 Oz.,Buitoni Three Cheese Tortellini 
2288,Your Price $2.79 each,De Cecco Pasta No. 12 Spaghetti Box - 1 Lb,($0.17 / Ounce),grains-pasta-sides,"('De Cecco Pasta No. 12 Spaghetti Box ', ' 1 Lb')",True, 1 Lb,De Cecco Pasta No. 12 Spaghetti Box 
2289,Your Price $2.00 each,Barilla Pasta Elbows No. 41 Box - 16 Oz,($0.13 / Ounce),grains-pasta-sides,"('Barilla Pasta Elbows No. 41 Box ', ' 16 Oz')",True, 16 Oz,Barilla Pasta Elbows No. 41 Box 
2290,Your Price $2.00 each,Barilla Pasta Ditalini No. 45 Box - 16 Oz,($0.13 / Ounce),grains-pasta-sides,"('Barilla Pasta Ditalini No. 45 Box ', ' 16 Oz')",True, 16 Oz,Barilla Pasta Ditalini No. 45 Box 
2291,Your Price $1.67 each,Signature Select Pasta Farfalle - 12 OZ,($0.14 / Ounce),grains-pasta-sides,"('Signature Select Pasta Farfalle ', ' 12 OZ')",True, 12 OZ,Signature Select Pasta Farfalle 
2292,Your Price $2.99 each,Barilla Pasta Lasagne Oven-Ready No. 399 Box - 9 Oz,($0.33 / Ounce),grains-pasta-sides,"('Barilla Pasta Lasagne Oven Ready No. 399 Box', '9 Oz')",True,9 Oz,Barilla Pasta Lasagne Oven Ready No. 399 Box
2293,Your Price $2.99 each,Signature SELECT Pasta Elbow Macaroni Bag - 32 Oz,($0.09 / Ounce),grains-pasta-sides,"('Signature SELECT Pasta Elbow Macaroni Bag ', ' 32 Oz')",True, 32 Oz,Signature SELECT Pasta Elbow Macaroni Bag 
2294,Your Price $1.67 each,Signature SELECT Pasta Rotini Box - 16 Oz,($0.10 / Ounce),grains-pasta-sides,"('Signature SELECT Pasta Rotini Box ', ' 16 Oz')",True, 16 Oz,Signature SELECT Pasta Rotini Box 
2295,Your Price $1.67 each,Signature SELECT Pasta Fettuccine Box - 16 Oz,($0.10 / Ounce),grains-pasta-sides,"('Signature SELECT Pasta Fettuccine Box ', ' 16 Oz')",True, 16 Oz,Signature SELECT Pasta Fettuccine Box 
2296,Your Price $1.67 each,Signature SELECT Pasta Elbow Macaroni Large Box - 16 Oz,($0.10 / Ounce),grains-pasta-sides,"('Signature SELECT Pasta Elbow Macaroni Large Box ', ' 16 Oz')",True, 16 Oz,Signature SELECT Pasta Elbow Macaroni Large Box 
2297,Your Price $1.67 each,Signature SELECT Pasta Penne Mini Box - 16 Oz,($0.10 / Ounce),grains-pasta-sides,"('Signature SELECT Pasta Penne Mini Box ', ' 16 Oz')",True, 16 Oz,Signature SELECT Pasta Penne Mini Box 
2298,Your Price $6.99 each,Buitoni Mixed Cheese Tortellini - 20 Oz.,($0.35 / Ounce),grains-pasta-sides,"('Buitoni Mixed Cheese Tortellini ', ' 20 Oz.')",True, 20 Oz.,Buitoni Mixed Cheese Tortellini 
2299,Your Price $9.99 each,Raos Homemade Sauce Marinara Jar - 32 Oz,($0.31 / Ounce),grains-pasta-sides,"('Raos Homemade Sauce Marinara Jar ', ' 32 Oz')",True, 32 Oz,Raos Homemade Sauce Marinara Jar 
2300,Your Price $2.50 each,Prego Italian Sauce Fresh Mushroom - 24 Oz,($0.10 / Ounce),grains-pasta-sides,"('Prego Italian Sauce Fresh Mushroom ', ' 24 Oz')",True, 24 Oz,Prego Italian Sauce Fresh Mushroom 
2301,Your Price $6.29 each,Prego Sauce Italian Flavored With Meat - 67 Oz,($0.09 / Ounce),grains-pasta-sides,"('Prego Sauce Italian Flavored With Meat ', ' 67 Oz')",True, 67 Oz,Prego Sauce Italian Flavored With Meat 
2302,Your Price $2.50 each,Prego Italian Sauce Traditional - 24 Oz,($0.10 / Ounce),grains-pasta-sides,"('Prego Italian Sauce Traditional ', ' 24 Oz')",True, 24 Oz,Prego Italian Sauce Traditional 
2303,Your Price $4.79 each,Prego Sauces Tomato - 45 Oz,($0.11 / Ounce),grains-pasta-sides,"('Prego Sauces Tomato ', ' 45 Oz')",True, 45 Oz,Prego Sauces Tomato 
2304,Your Price $2.99 each,Prego Alfredo Sauce Homestyle Alfredo - 14.5 Oz,($0.21 / Ounce),grains-pasta-sides,"('Prego Alfredo Sauce Homestyle Alfredo ', ' 14.5 Oz')",True, 14.5 Oz,Prego Alfredo Sauce Homestyle Alfredo 
2305,Your Price $3.00 each,Bertolli Alfredo Sauce with Aged Parmesan Cheese - 15 Oz,($0.20 / Ounce),grains-pasta-sides,"('Bertolli Alfredo Sauce with Aged Parmesan Cheese ', ' 15 Oz')",True, 15 Oz,Bertolli Alfredo Sauce with Aged Parmesan Cheese 
2306,Your Price $2.79 each,Ragu Chunky Traditional Pasta Sauce - 24 Oz,($0.12 / Ounce),grains-pasta-sides,"('Ragu Chunky Traditional Pasta Sauce ', ' 24 Oz')",True, 24 Oz,Ragu Chunky Traditional Pasta Sauce 
2307,Your Price $3.49 each,Classico Roasted Garlic Pasta Sauce Jar - 24 Oz,($0.15 / Ounce),grains-pasta-sides,"('Classico Roasted Garlic Pasta Sauce Jar ', ' 24 Oz')",True, 24 Oz,Classico Roasted Garlic Pasta Sauce Jar 
2308,Your Price $6.29 each,Prego Italian Sauce Traditional - 67 Oz,($0.09 / Ounce),grains-pasta-sides,"('Prego Italian Sauce Traditional ', ' 67 Oz')",True, 67 Oz,Prego Italian Sauce Traditional 
2309,Your Price $2.50 each,Prego Meat Sauce Italian Sausage & Garlic - 23.5 Oz,($0.11 / Ounce),grains-pasta-sides,"('Prego Meat Sauce Italian Sausage & Garlic ', ' 23.5 Oz')",True, 23.5 Oz,Prego Meat Sauce Italian Sausage & Garlic 
2310,Your Price $2.50 each,Prego Italian Sauce Tomato Basil Garlic - 24 Oz,($0.10 / Ounce),grains-pasta-sides,"('Prego Italian Sauce Tomato Basil Garlic ', ' 24 Oz')",True, 24 Oz,Prego Italian Sauce Tomato Basil Garlic 
2311,Your Price $3.00 each,Bertolli Vodka Sauce - 24 Oz,($0.13 / Ounce),grains-pasta-sides,"('Bertolli Vodka Sauce ', ' 24 Oz')",True, 24 Oz,Bertolli Vodka Sauce 
2312,Your Price $3.99 each,Prego Alfredo Sauce Homestyle Alfredo Value Size - 22 Oz,($0.18 / Ounce),grains-pasta-sides,"('Prego Alfredo Sauce Homestyle Alfredo Value Size ', ' 22 Oz')",True, 22 Oz,Prego Alfredo Sauce Homestyle Alfredo Value Size 
2313,Your Price $2.79 each,Ragu Old World Style Sauce Flavored with Meat - 23.9 Oz,($0.12 / Ounce),grains-pasta-sides,"('Ragu Old World Style Sauce Flavored with Meat ', ' 23.9 Oz')",True, 23.9 Oz,Ragu Old World Style Sauce Flavored with Meat 
2314,Your Price $3.99 each,Barilla Pasta Sauce Pesto Traditional Basil Jar - 6 Oz,($0.61 / Ounce),grains-pasta-sides,"('Barilla Pasta Sauce Pesto Traditional Basil Jar ', ' 6 Oz')",True, 6 Oz,Barilla Pasta Sauce Pesto Traditional Basil Jar 
2315,Your Price $2.79 each,Ragu Classic Alfredo Sauce - 16 Oz,($0.17 / Ounce),grains-pasta-sides,"('Ragu Classic Alfredo Sauce ', ' 16 Oz')",True, 16 Oz,Ragu Classic Alfredo Sauce 
2316,Your Price $8.99 each,Raos Homemade Sauce Marinara Jar - 24 Oz,($0.37 / Ounce),grains-pasta-sides,"('Raos Homemade Sauce Marinara Jar ', ' 24 Oz')",True, 24 Oz,Raos Homemade Sauce Marinara Jar 
2317,Your Price $8.99 each,Rao's Alfredo Sauce - 15 Oz,($0.60 / Ounce),grains-pasta-sides,"(""Rao's Alfredo Sauce "", ' 15 Oz')",True, 15 Oz,Rao's Alfredo Sauce 
2318,Your Price $6.99 each,Mezzetta Napa Valley Homemade Sauce Marinara Jar - 25 Oz,($0.29 / Ounce),grains-pasta-sides,"('Mezzetta Napa Valley Homemade Sauce Marinara Jar ', ' 25 Oz')",True, 25 Oz,Mezzetta Napa Valley Homemade Sauce Marinara Jar 
2319,Your Price $2.50 each,Prego Italian Sauce Flavored With Meat - 24 Oz,($0.10 / Ounce),grains-pasta-sides,"('Prego Italian Sauce Flavored With Meat ', ' 24 Oz')",True, 24 Oz,Prego Italian Sauce Flavored With Meat 
2320,Your Price $1.79 each,Hunts Pasta Sauce Traditional Can - 24 Oz,($0.07 / Ounce),grains-pasta-sides,"('Hunts Pasta Sauce Traditional Can ', ' 24 Oz')",True, 24 Oz,Hunts Pasta Sauce Traditional Can 
2321,Your Price $9.99 each,Raos Sauce Tomato Basil - 32 Oz,($0.31 / Ounce),grains-pasta-sides,"('Raos Sauce Tomato Basil ', ' 32 Oz')",True, 32 Oz,Raos Sauce Tomato Basil 
2322,Your Price $5.99 each,Ragu Old World Style Traditional Sauce - 66 Oz,($0.09 / Ounce),grains-pasta-sides,"('Ragu Old World Style Traditional Sauce ', ' 66 Oz')",True, 66 Oz,Ragu Old World Style Traditional Sauce 
2323,Your Price $3.49 each,Classico Four Cheese Alfredo Pasta Sauce Jar - 15 Oz,($0.23 / Ounce),grains-pasta-sides,"('Classico Four Cheese Alfredo Pasta Sauce Jar ', ' 15 Oz')",True, 15 Oz,Classico Four Cheese Alfredo Pasta Sauce Jar 
2324,Your Price $3.49 each,Classico Creamy Alfredo Pasta Sauce Jar - 15 Oz,($0.23 / Ounce),grains-pasta-sides,"('Classico Creamy Alfredo Pasta Sauce Jar ', ' 15 Oz')",True, 15 Oz,Classico Creamy Alfredo Pasta Sauce Jar 
2325,Your Price $1.79 each,Hunts Pasta Sauce Meat - 24 Oz,($0.07 / Ounce),grains-pasta-sides,"('Hunts Pasta Sauce Meat ', ' 24 Oz')",True, 24 Oz,Hunts Pasta Sauce Meat 
2326,Your Price $3.49 each,Classico Tomato & Basil Pasta Sauce Jar - 24 Oz,($0.15 / Ounce),grains-pasta-sides,"('Classico Tomato & Basil Pasta Sauce Jar ', ' 24 Oz')",True, 24 Oz,Classico Tomato & Basil Pasta Sauce Jar 
2327,Your Price $2.29 each,Signature SELECT Pasta Sauce Meat Sauce Jar - 25 Oz,($0.09 / Ounce),grains-pasta-sides,"('Signature SELECT Pasta Sauce Meat Sauce Jar ', ' 25 Oz')",True, 25 Oz,Signature SELECT Pasta Sauce Meat Sauce Jar 
2328,Your Price $3.49 each,Classico Roasted Garlic Alfredo Pasta Sauce Jar - 15 Oz,($0.23 / Ounce),grains-pasta-sides,"('Classico Roasted Garlic Alfredo Pasta Sauce Jar ', ' 15 Oz')",True, 15 Oz,Classico Roasted Garlic Alfredo Pasta Sauce Jar 
2329,Your Price $3.49 each,Classico Traditional Sweet Basil Pasta Sauce Jar - 24 Oz,($0.15 / Ounce),grains-pasta-sides,"('Classico Traditional Sweet Basil Pasta Sauce Jar ', ' 24 Oz')",True, 24 Oz,Classico Traditional Sweet Basil Pasta Sauce Jar 
2330,Your Price $3.49 each,O Organics 7 Grains & Lentils 90 Seconds - 8.8 Oz,($0.40 / Ounce),grains-pasta-sides,"('O Organics 7 Grains & Lentils 90 Seconds ', ' 8.8 Oz')",True, 8.8 Oz,O Organics 7 Grains & Lentils 90 Seconds 
2331,Your Price $7.99 each,RiceSelect Rice Jasmati Long Grain American Jasmine - 36 Oz,($0.25 / Ounce),grains-pasta-sides,"('RiceSelect Rice Jasmati Long Grain American Jasmine ', ' 36 Oz')",True, 36 Oz,RiceSelect Rice Jasmati Long Grain American Jasmine 
2332,Your Price $4.99 each,Minute Rice White Instant Enriched Long Grain - 28 Oz,($0.18 / Ounce),grains-pasta-sides,"('Minute Rice White Instant Enriched Long Grain ', ' 28 Oz')",True, 28 Oz,Minute Rice White Instant Enriched Long Grain 
2333,Your Price $3.49 each,Minute Rice Jasmine Box - 12 Oz,($0.29 / Ounce),grains-pasta-sides,"('Minute Rice Jasmine Box ', ' 12 Oz')",True, 12 Oz,Minute Rice Jasmine Box 
2334,Your Price $1.49 each,Rice-A-Roni Rice Chicken Flavor Box - 6.9 Oz,($0.22 / Ounce),grains-pasta-sides,"('Rice ARoni Rice Chicken Flavor Box', '6.9 Oz')",True,6.9 Oz,Rice ARoni Rice Chicken Flavor Box
2335,Your Price $2.99 each,Zatarain's Dirty Rice Dinner Mix - 8 Oz,($0.37 / Ounce),grains-pasta-sides,"(""Zatarain's Dirty Rice Dinner Mix "", ' 8 Oz')",True, 8 Oz,Zatarain's Dirty Rice Dinner Mix 
2336,Your Price $6.99 each,Minute Rice White Instant Enriched Long Grain - 42 Oz,($0.17 / Ounce),grains-pasta-sides,"('Minute Rice White Instant Enriched Long Grain ', ' 42 Oz')",True, 42 Oz,Minute Rice White Instant Enriched Long Grain 
2337,Your Price $2.99 each,Near East Rice Pilaf Mix Original Box - 6.09 Oz,($0.49 / Ounce),grains-pasta-sides,"('Near East Rice Pilaf Mix Original Box ', ' 6.09 Oz')",True, 6.09 Oz,Near East Rice Pilaf Mix Original Box 
2338,Your Price $1.49 each,Rice-A-Roni Cheddar Broccoli - 6.5 Oz,($0.23 / Ounce),grains-pasta-sides,"('Rice ARoni Cheddar Broccoli', '6.5 Oz')",True,6.5 Oz,Rice ARoni Cheddar Broccoli
2339,Your Price $1.49 each,Rice-A-Roni Rice Pilaf Box - 7.2 Oz,($0.21 / Ounce),grains-pasta-sides,"('Rice ARoni Rice Pilaf Box', '7.2 Oz')",True,7.2 Oz,Rice ARoni Rice Pilaf Box
2340,Your Price $1.79 each,Knorr Rice Sides Chicken Broccoli - 5.5 Oz,($0.33 / Ounce),grains-pasta-sides,"('Knorr Rice Sides Chicken Broccoli ', ' 5.5 Oz')",True, 5.5 Oz,Knorr Rice Sides Chicken Broccoli 
2341,Your Price $2.99 each,Zatarain's Jambalaya Rice Mix - 8 Oz,($0.37 / Ounce),grains-pasta-sides,"(""Zatarain's Jambalaya Rice Mix "", ' 8 Oz')",True, 8 Oz,Zatarain's Jambalaya Rice Mix 
2342,Your Price $6.99 each,Tiberino Risotto Carnaroli With Lem Zest - 7 Oz,($1.00 / Ounce),grains-pasta-sides,"('Tiberino Risotto Carnaroli With Lem Zest ', ' 7 Oz')",True, 7 Oz,Tiberino Risotto Carnaroli With Lem Zest 
2343,Your Price $3.49 each,Minute Rice White Instant Enriched Long Grain - 14 Oz,($0.25 / Ounce),grains-pasta-sides,"('Minute Rice White Instant Enriched Long Grain ', ' 14 Oz')",True, 14 Oz,Minute Rice White Instant Enriched Long Grain 
2344,Your Price $2.99 each,Zatarain's Red Beans & Rice Dinner Mix - 8 Oz,($0.37 / Ounce),grains-pasta-sides,"(""Zatarain's Red Beans & Rice Dinner Mix "", ' 8 Oz')",True, 8 Oz,Zatarain's Red Beans & Rice Dinner Mix 
2345,Your Price $1.79 each,Knorr Fiesta Sides Taco Rice - 5.4 Oz,($0.33 / Ounce),grains-pasta-sides,"('Knorr Fiesta Sides Taco Rice ', ' 5.4 Oz')",True, 5.4 Oz,Knorr Fiesta Sides Taco Rice 
2346,Your Price $1.49 each,Rice-A-Roni Rice Fried Box - 6.2 Oz,($0.24 / Ounce),grains-pasta-sides,"('Rice ARoni Rice Fried Box', '6.2 Oz')",True,6.2 Oz,Rice ARoni Rice Fried Box
2347,Your Price $1.49 each,Rice-A-Roni Rice Creamy Four Cheese Flavor Box - 6.4 Oz,($0.23 / Ounce),grains-pasta-sides,"('Rice ARoni Rice Creamy Four Cheese Flavor Box', '6.4 Oz')",True,6.4 Oz,Rice ARoni Rice Creamy Four Cheese Flavor Box
2348,Your Price $2.99 each,Near East Couscous Mix Parmesan Box - 5.9 Oz,($0.51 / Ounce),grains-pasta-sides,"('Near East Couscous Mix Parmesan Box ', ' 5.9 Oz')",True, 5.9 Oz,Near East Couscous Mix Parmesan Box 
2349,Your Price $2.99 each,Near East Couscous Pearled Mix Basil & Herb Box - 5 Oz,($0.60 / Ounce),grains-pasta-sides,"('Near East Couscous Pearled Mix Basil & Herb Box ', ' 5 Oz')",True, 5 Oz,Near East Couscous Pearled Mix Basil & Herb Box 
2350,Your Price $2.79 each,Rice-A-Roni Heat & Eat Chicken Rice Flavor - 8.8 Oz,($0.32 / Ounce),grains-pasta-sides,"('Rice ARoni Heat & Eat Chicken Rice Flavor', '8.8 Oz')",True,8.8 Oz,Rice ARoni Heat & Eat Chicken Rice Flavor
2351,Your Price $1.79 each,Knorr Rice Sides Rice Creamy Chicken - 5.7 Oz,($0.31 / Ounce),grains-pasta-sides,"('Knorr Rice Sides Rice Creamy Chicken ', ' 5.7 Oz')",True, 5.7 Oz,Knorr Rice Sides Rice Creamy Chicken 
2352,Your Price $1.79 each,Knorr Chicken Rice Sides - 5.6 Oz,($0.32 / Ounce),grains-pasta-sides,"('Knorr Chicken Rice Sides ', ' 5.6 Oz')",True, 5.6 Oz,Knorr Chicken Rice Sides 
2353,Your Price $5.49 each,Kraft Original Macaroni & Cheese Dinner Box - 5-7.25 Oz,($0.15 / Ounce),grains-pasta-sides,"('Kraft Original Macaroni & Cheese Dinner Box  ', '5-7.25 Oz')",True,5-7.25 Oz,Kraft Original Macaroni & Cheese Dinner Box  
2354,Your Price $1.25 each,Kraft Original Macaroni & Cheese Dinner Box - 7.25 Oz,($0.17 / Ounce),grains-pasta-sides,"('Kraft Original Macaroni & Cheese Dinner Box ', ' 7.25 Oz')",True, 7.25 Oz,Kraft Original Macaroni & Cheese Dinner Box 
2355,Your Price $1.25 each,Kraft Spirals Original Macaroni & Cheese Dinner Box - 5.5 Oz,($0.23 / Ounce),grains-pasta-sides,"('Kraft Spirals Original Macaroni & Cheese Dinner Box ', ' 5.5 Oz')",True, 5.5 Oz,Kraft Spirals Original Macaroni & Cheese Dinner Box 
2356,Your Price $2.99 each,Signature SELECT Macaroni & Cheese Dinner Deluxe - 14 Oz,($0.21 / Ounce),grains-pasta-sides,"('Signature SELECT Macaroni & Cheese Dinner Deluxe ', ' 14 Oz')",True, 14 Oz,Signature SELECT Macaroni & Cheese Dinner Deluxe 
2357,Your Price $4.29 each,Kraft Deluxe Original Macaroni & Cheese Dinner Box - 14 Oz,($0.31 / Ounce),grains-pasta-sides,"('Kraft Deluxe Original Macaroni & Cheese Dinner Box ', ' 14 Oz')",True, 14 Oz,Kraft Deluxe Original Macaroni & Cheese Dinner Box 
2358,Your Price $1.25 each,Kraft Thick n Creamy Macaroni & Cheese Dinner Box - 7.25 Oz,($0.17 / Ounce),grains-pasta-sides,"('Kraft Thick n Creamy Macaroni & Cheese Dinner Box ', ' 7.25 Oz')",True, 7.25 Oz,Kraft Thick n Creamy Macaroni & Cheese Dinner Box 
2359,Your Price $2.99 each,Signature SELECT Shells & Cheese Dinner Deluxe Box - 12 Oz,($0.25 / Ounce),grains-pasta-sides,"('Signature SELECT Shells & Cheese Dinner Deluxe Box ', ' 12 Oz')",True, 12 Oz,Signature SELECT Shells & Cheese Dinner Deluxe Box 
2360,Your Price $3.99 each,Annies Organic Mac Vegan Cheddar Flavor - 6 Oz,($0.67 / Ounce),grains-pasta-sides,"('Annies Organic Mac Vegan Cheddar Flavor ', ' 6 Oz')",True, 6 Oz,Annies Organic Mac Vegan Cheddar Flavor 
2361,Your Price $4.49 each,Signature SELECT Rice Enriched Long Grain - 5 Lb,($0.06 / Ounce),grains-pasta-sides,"('Signature SELECT Rice Enriched Long Grain ', ' 5 Lb')",True, 5 Lb,Signature SELECT Rice Enriched Long Grain 
2362,Your Price $3.99 each,Success Boil-in-Bag Rice Thai Jasmine Rice - 14 oz,($0.29 / Ounce),grains-pasta-sides,"('Success Boil inBag Rice Thai Jasmine Rice', '14 oz')",True,14 oz,Success Boil inBag Rice Thai Jasmine Rice
2363,Your Price $10.99 each,Mahatma Rice Jasmine - 80 Oz,($0.14 / Ounce),grains-pasta-sides,"('Mahatma Rice Jasmine ', ' 80 Oz')",True, 80 Oz,Mahatma Rice Jasmine 
2364,Your Price $7.99 each,Rice Select Organic Rice Arborio Italian-Style - 32 Oz,($0.25 / Ounce),grains-pasta-sides,"('Rice Select Organic Rice Arborio Italian Style', '32 Oz')",True,32 Oz,Rice Select Organic Rice Arborio Italian Style
2365,Your Price $3.99 each,Mahatma Enriched Rice Extra Long Grain - 32 Oz,($0.13 / Ounce),grains-pasta-sides,"('Mahatma Enriched Rice Extra Long Grain ', ' 32 Oz')",True, 32 Oz,Mahatma Enriched Rice Extra Long Grain 
2366,Your Price $1.99 each,Signature SELECT Rice Brown Whole Grain Long Grain - 32 Oz,($0.06 / Ounce),grains-pasta-sides,"('Signature SELECT Rice Brown Whole Grain Long Grain ', ' 32 Oz')",True, 32 Oz,Signature SELECT Rice Brown Whole Grain Long Grain 
2367,Your Price $4.49 each,Signature SELECT Rice Thai Jasmine Long Grain - 32 Oz,($2.25 / Lb),grains-pasta-sides,"('Signature SELECT Rice Thai Jasmine Long Grain ', ' 32 Oz')",True, 32 Oz,Signature SELECT Rice Thai Jasmine Long Grain 
2368,Your Price $11.99 each,Signature SELECT Rice Enriched Long Grain - 20 Lb,($0.04 / Ounce),grains-pasta-sides,"('Signature SELECT Rice Enriched Long Grain ', ' 20 Lb')",True, 20 Lb,Signature SELECT Rice Enriched Long Grain 
2369,Your Price $1.99 each,Signature SELECT Rice Enriched Long Grain - 32 Oz,($0.06 / Ounce),grains-pasta-sides,"('Signature SELECT Rice Enriched Long Grain ', ' 32 Oz')",True, 32 Oz,Signature SELECT Rice Enriched Long Grain 
2370,Your Price $7.49 each,O Organics Organic Rice White Basmati - 32 Oz,($0.23 / Ounce),grains-pasta-sides,"('O Organics Organic Rice White Basmati ', ' 32 Oz')",True, 32 Oz,O Organics Organic Rice White Basmati 
2371,Your Price $13.99 each,Goya Rice Thai Jasmine - 5 Lb,($0.18 / Ounce),grains-pasta-sides,"('Goya Rice Thai Jasmine ', ' 5 Lb')",True, 5 Lb,Goya Rice Thai Jasmine 
2372,Your Price $4.99 each,Mahatma Rice Jasmine - 32 Oz,($0.16 / Ounce),grains-pasta-sides,"('Mahatma Rice Jasmine ', ' 32 Oz')",True, 32 Oz,Mahatma Rice Jasmine 
2373,Your Price $3.49 each,Success Boil-in-Bag Rice Long Grain White Rice - 14 oz,($0.25 / Ounce),grains-pasta-sides,"('Success Boil inBag Rice Long Grain White Rice', '14 oz')",True,14 oz,Success Boil inBag Rice Long Grain White Rice
2374,Your Price $13.99 each,Mahatma Rice Basmati Bag - 5 Lb,($0.18 / Ounce),grains-pasta-sides,"('Mahatma Rice Basmati Bag ', ' 5 Lb')",True, 5 Lb,Mahatma Rice Basmati Bag 
2375,Your Price $8.49 each,Signature SELECT Rice Jasmine Thai Long Grain - 5 Lb,($0.11 / Ounce),grains-pasta-sides,"('Signature SELECT Rice Jasmine Thai Long Grain ', ' 5 Lb')",True, 5 Lb,Signature SELECT Rice Jasmine Thai Long Grain 
2376,Your Price $7.49 each,O Organics Rice Bowl White Family Pack - 4-7.4 Oz,($0.25 / Ounce),grains-pasta-sides,"('O Organics Rice Bowl White Family Pack  ', '4-7.4 Oz')",True,4-7.4 Oz,O Organics Rice Bowl White Family Pack  
2377,Your Price $7.49 each,Mahatma Rice Basmati - 32 Oz,($0.24 / Ounce),grains-pasta-sides,"('Mahatma Rice Basmati ', ' 32 Oz')",True, 32 Oz,Mahatma Rice Basmati 
2378,Your Price $4.49 each,Signature SELECT Rice Basmati - 32 Oz,($0.14 / Ounce),grains-pasta-sides,"('Signature SELECT Rice Basmati ', ' 32 Oz')",True, 32 Oz,Signature SELECT Rice Basmati 
2379,Your Price $5.49 each,Bens Original Whole Grain Brown Rice - 2 LB,($0.17 / Ounce),grains-pasta-sides,"('Bens Original Whole Grain Brown Rice ', ' 2 LB')",True, 2 LB,Bens Original Whole Grain Brown Rice 
2380,Your Price $5.99 each,O Organics Organic Rice Wild Mix - 16 Oz,($0.37 / Ounce),grains-pasta-sides,"('O Organics Organic Rice Wild Mix ', ' 16 Oz')",True, 16 Oz,O Organics Organic Rice Wild Mix 
2381,Your Price $3.49 each,Success Boil-in-Bag Rice Whole Grain Brown Rice - 14 oz,($0.25 / Ounce),grains-pasta-sides,"('Success Boil inBag Rice Whole Grain Brown Rice', '14 oz')",True,14 oz,Success Boil inBag Rice Whole Grain Brown Rice
2382,Your Price $7.49 each,O Organics Rice Thai Jasmine Long Grain - 32 Oz,($0.23 / Ounce),grains-pasta-sides,"('O Organics Rice Thai Jasmine Long Grain ', ' 32 Oz')",True, 32 Oz,O Organics Rice Thai Jasmine Long Grain 
2383,Your Price $3.99 each,Success Rice Bnb Jasmine - 14 Oz,($0.29 / Ounce),grains-pasta-sides,"('Success Rice Bnb Jasmine ', ' 14 Oz')",True, 14 Oz,Success Rice Bnb Jasmine 
2384,Your Price $3.99 each,Signature SELECT Rice Enriched Medium Grain Calrose - 32 Oz,($0.12 / Ounce),grains-pasta-sides,"('Signature SELECT Rice Enriched Medium Grain Calrose ', ' 32 Oz')",True, 32 Oz,Signature SELECT Rice Enriched Medium Grain Calrose 
2385,Your Price $2.99 each,Campbells Sauces Skillet Thai Curry Chicken Pouch - 11 Oz,($0.27 / Ounce),grains-pasta-sides,"('Campbells Sauces Skillet Thai Curry Chicken Pouch ', ' 11 Oz')",True, 11 Oz,Campbells Sauces Skillet Thai Curry Chicken Pouch 
2386,Your Price $1.67 each,Betty Crocker Hamburger Helper Stroganoff Box - 6.4 Oz,($0.26 / Ounce),grains-pasta-sides,"('Betty Crocker Hamburger Helper Stroganoff Box ', ' 6.4 Oz')",True, 6.4 Oz,Betty Crocker Hamburger Helper Stroganoff Box 
2387,Your Price $1.67 each,Betty Crocker Hamburger Helper Beef Pasta Box - 5.9 Oz,($0.30 / Ounce),grains-pasta-sides,"('Betty Crocker Hamburger Helper Beef Pasta Box ', ' 5.9 Oz')",True, 5.9 Oz,Betty Crocker Hamburger Helper Beef Pasta Box 
2388,Your Price $2.99 each,Campbells Skillet Sauces Creamy Parmesan Chicken - 11 Oz,($0.27 / Ounce),grains-pasta-sides,"('Campbells Skillet Sauces Creamy Parmesan Chicken ', ' 11 Oz')",True, 11 Oz,Campbells Skillet Sauces Creamy Parmesan Chicken 
2389,Your Price $1.67 each,Betty Crocker Hamburger Helper Lasagna Box - 6.9 Oz,($0.24 / Ounce),grains-pasta-sides,"('Betty Crocker Hamburger Helper Lasagna Box ', ' 6.9 Oz')",True, 6.9 Oz,Betty Crocker Hamburger Helper Lasagna Box 
2390,Your Price $2.99 each,Campbells Skillet Sauces Chicken Marsala - 11 Oz,($0.27 / Ounce),grains-pasta-sides,"('Campbells Skillet Sauces Chicken Marsala ', ' 11 Oz')",True, 11 Oz,Campbells Skillet Sauces Chicken Marsala 
2391,Your Price $2.79 each,Betty Crocker Suddenly Salad Pasta BLT Box - 7.3 Oz,($0.38 / Ounce),grains-pasta-sides,"('Betty Crocker Suddenly Salad Pasta BLT Box ', ' 7.3 Oz')",True, 7.3 Oz,Betty Crocker Suddenly Salad Pasta BLT Box 
2392,Your Price $1.67 each,Betty Crocker Tuna Helper Tuna Creamy Broccoli - 6.4 Oz,($0.26 / Ounce),grains-pasta-sides,"('Betty Crocker Tuna Helper Tuna Creamy Broccoli ', ' 6.4 Oz')",True, 6.4 Oz,Betty Crocker Tuna Helper Tuna Creamy Broccoli 
2393,Your Price $1.67 each,Betty Crocker Hamburger Helper Crunchy Taco Box - 7.6 Oz,($0.22 / Ounce),grains-pasta-sides,"('Betty Crocker Hamburger Helper Crunchy Taco Box ', ' 7.6 Oz')",True, 7.6 Oz,Betty Crocker Hamburger Helper Crunchy Taco Box 
2394,Your Price $1.67 each,Betty Crocker Tuna Helper Tuna Creamy Pasta  - 5.5 Oz,($0.30 / Ounce),grains-pasta-sides,"('Betty Crocker Tuna Helper Tuna Creamy Pasta  ', ' 5.5 Oz')",True, 5.5 Oz,Betty Crocker Tuna Helper Tuna Creamy Pasta  
2395,Your Price $4.49 each,Urban Accents Meatless Mix Sloppy Joe - 3.5 Oz,($1.28 / Ounce),grains-pasta-sides,"('Urban Accents Meatless Mix Sloppy Joe ', ' 3.5 Oz')",True, 3.5 Oz,Urban Accents Meatless Mix Sloppy Joe 
2396,Your Price $2.79 each,Suddenly Salad Pasta Salad Creamy Parmesan Box - 6.2 Oz,($0.45 / Ounce),grains-pasta-sides,"('Suddenly Salad Pasta Salad Creamy Parmesan Box ', ' 6.2 Oz')",True, 6.2 Oz,Suddenly Salad Pasta Salad Creamy Parmesan Box 
2397,Your Price $3.29 each,Campbells Sauces Slow Cooker Beef Stew Pouch - 12 Oz,($0.27 / Ounce),grains-pasta-sides,"('Campbells Sauces Slow Cooker Beef Stew Pouch ', ' 12 Oz')",True, 12 Oz,Campbells Sauces Slow Cooker Beef Stew Pouch 
2398,Your Price $1.67 each,Betty Crocker Tuna Helper Tuna Cheesy Pasta - 5.3 Oz,($0.32 / Ounce),grains-pasta-sides,"('Betty Crocker Tuna Helper Tuna Cheesy Pasta ', ' 5.3 Oz')",True, 5.3 Oz,Betty Crocker Tuna Helper Tuna Cheesy Pasta 
2399,Your Price $1.67 each,Betty Crocker Hamburger Helper Chili Macaroni Box - 5.2 Oz,($0.32 / Ounce),grains-pasta-sides,"('Betty Crocker Hamburger Helper Chili Macaroni Box ', ' 5.2 Oz')",True, 5.2 Oz,Betty Crocker Hamburger Helper Chili Macaroni Box 
2400,Your Price $3.29 each,Campbells Sauces Oven Classic Roasted Chicken Pouch - 12 Oz,($0.27 / Ounce),grains-pasta-sides,"('Campbells Sauces Oven Classic Roasted Chicken Pouch ', ' 12 Oz')",True, 12 Oz,Campbells Sauces Oven Classic Roasted Chicken Pouch 
2401,Your Price $3.49 each,Open Nature Sauce Cooking Korean Style Bulgogi - 7 OZ,($0.50 / Ounce),grains-pasta-sides,"('Open Nature Sauce Cooking Korean Style Bulgogi ', ' 7 OZ')",True, 7 OZ,Open Nature Sauce Cooking Korean Style Bulgogi 
2402,Your Price $1.99 each,Idahoan Roasted Garlic Mashed Potatoes Pouch - 4 Oz,($0.50 / Ounce),grains-pasta-sides,"('Idahoan Roasted Garlic Mashed Potatoes Pouch ', ' 4 Oz')",True, 4 Oz,Idahoan Roasted Garlic Mashed Potatoes Pouch 
2403,Your Price $1.99 each,Idahoan Vermont White Cheddar Mashed Potatoes Pouch - 4 Oz,($0.50 / Ounce),grains-pasta-sides,"('Idahoan Vermont White Cheddar Mashed Potatoes Pouch ', ' 4 Oz')",True, 4 Oz,Idahoan Vermont White Cheddar Mashed Potatoes Pouch 
2404,Your Price $2.49 each,Betty Crocker Potatoes Au Gratin Box - 4.7 Oz,($0.53 / Ounce),grains-pasta-sides,"('Betty Crocker Potatoes Au Gratin Box ', ' 4.7 Oz')",True, 4.7 Oz,Betty Crocker Potatoes Au Gratin Box 
2405,Your Price $1.99 each,Idahoan Applewood Smoked Bacon Mashed Potatoes Pouch - 4 Oz,($0.50 / Ounce),grains-pasta-sides,"('Idahoan Applewood Smoked Bacon Mashed Potatoes Pouch ', ' 4 Oz')",True, 4 Oz,Idahoan Applewood Smoked Bacon Mashed Potatoes Pouch 
2406,Your Price $4.49 each,Idahoan Original Mashed Potatoes Box - 26.2 Oz,($0.17 / Ounce),grains-pasta-sides,"('Idahoan Original Mashed Potatoes Box ', ' 26.2 Oz')",True, 26.2 Oz,Idahoan Original Mashed Potatoes Box 
2407,Your Price $1.79 each,Idahoan Au Gratin Homestyle Casserole Box - 4 Oz,($0.45 / Ounce),grains-pasta-sides,"('Idahoan Au Gratin Homestyle Casserole Box ', ' 4 Oz')",True, 4 Oz,Idahoan Au Gratin Homestyle Casserole Box 
2408,Your Price $1.79 each,Idahoan Scalloped Homestyle Casserole Box - 4 Oz,($0.45 / Ounce),grains-pasta-sides,"('Idahoan Scalloped Homestyle Casserole Box ', ' 4 Oz')",True, 4 Oz,Idahoan Scalloped Homestyle Casserole Box 
2409,Your Price $1.79 each,Idahoan Loaded Baked Homestyle Casserole Box - 4 Oz,($0.45 / Ounce),grains-pasta-sides,"('Idahoan Loaded Baked Homestyle Casserole Box ', ' 4 Oz')",True, 4 Oz,Idahoan Loaded Baked Homestyle Casserole Box 
2410,Your Price $1.99 each,Idahoan Buttery Homestyle Mashed Potatoes Pouch - 4 Oz,($0.50 / Ounce),grains-pasta-sides,"('Idahoan Buttery Homestyle Mashed Potatoes Pouch ', ' 4 Oz')",True, 4 Oz,Idahoan Buttery Homestyle Mashed Potatoes Pouch 
2411,Your Price $4.99 each,Idahoan Four Cheese Mashed Potatoes Cups - 4-1.5 Oz,($0.83 / Ounce),grains-pasta-sides,"('Idahoan Four Cheese Mashed Potatoes Cups  ', '4-1.5 Oz')",True,4-1.5 Oz,Idahoan Four Cheese Mashed Potatoes Cups  
2412,Your Price $2.29 each,Signature Select Potato Gnocchi - 17.6 Oz,($0.13 / Ounce),grains-pasta-sides,"('Signature Select Potato Gnocchi ', ' 17.6 Oz')",True, 17.6 Oz,Signature Select Potato Gnocchi 
2413,Your Price $1.79 each,Signature SELECT Potatoes Au Gratin - 4.7 Oz,($0.38 / Ounce),grains-pasta-sides,"('Signature SELECT Potatoes Au Gratin ', ' 4.7 Oz')",True, 4.7 Oz,Signature SELECT Potatoes Au Gratin 
2414,Your Price $4.99 each,Idahoan Buttery Homestyle Mashed Potatoes Cups - 4-1.5 Oz,($0.83 / Ounce),grains-pasta-sides,"('Idahoan Buttery Homestyle Mashed Potatoes Cups  ', '4-1.5 Oz')",True,4-1.5 Oz,Idahoan Buttery Homestyle Mashed Potatoes Cups  
2415,Your Price $2.99 each,De Cecco Potato Gnocchi No. 401 Pack - 17.5 Oz,($0.17 / Ounce),grains-pasta-sides,"('De Cecco Potato Gnocchi No. 401 Pack ', ' 17.5 Oz')",True, 17.5 Oz,De Cecco Potato Gnocchi No. 401 Pack 
2416,Your Price $2.49 each,Betty Crocker Potatoes Scalloped Box - 4.7 Oz,($0.53 / Ounce),grains-pasta-sides,"('Betty Crocker Potatoes Scalloped Box ', ' 4.7 Oz')",True, 4.7 Oz,Betty Crocker Potatoes Scalloped Box 
2417,Your Price $1.99 each,Idahoan Loaded Baked Mashed Potatoes Pouch - 4 Oz,($0.50 / Ounce),grains-pasta-sides,"('Idahoan Loaded Baked Mashed Potatoes Pouch ', ' 4 Oz')",True, 4 Oz,Idahoan Loaded Baked Mashed Potatoes Pouch 
2418,Your Price $2.99 each,Idahoan Original Mashed Potatoes Box - 13.75 Oz,($0.22 / Ounce),grains-pasta-sides,"('Idahoan Original Mashed Potatoes Box ', ' 13.75 Oz')",True, 13.75 Oz,Idahoan Original Mashed Potatoes Box 
2419,Your Price $2.79 each,Idahoan Baby Reds Mashed Potatoes Family Size Pouch - 8.2 Oz,($0.34 / Ounce),grains-pasta-sides,"('Idahoan Baby Reds Mashed Potatoes Family Size Pouch ', ' 8.2 Oz')",True, 8.2 Oz,Idahoan Baby Reds Mashed Potatoes Family Size Pouch 
2420,Your Price $3.49 each,Idahoan Foods Honest Earth Mashed Sweet Potatoes - 9.9 OZ,($0.35 / Ounce),grains-pasta-sides,"('Idahoan Foods Honest Earth Mashed Sweet Potatoes ', ' 9.9 OZ')",True, 9.9 OZ,Idahoan Foods Honest Earth Mashed Sweet Potatoes 
2421,Your Price $1.99 each,Idahoan Baby Reds Mashed Potatoes Pouch - 4.1 Oz,($0.49 / Ounce),grains-pasta-sides,"('Idahoan Baby Reds Mashed Potatoes Pouch ', ' 4.1 Oz')",True, 4.1 Oz,Idahoan Baby Reds Mashed Potatoes Pouch 
2422,Your Price $1.99 each,Idahoan Four Cheese Mashed Potatoes Pouch - 4 Oz,($0.50 / Ounce),grains-pasta-sides,"('Idahoan Four Cheese Mashed Potatoes Pouch ', ' 4 Oz')",True, 4 Oz,Idahoan Four Cheese Mashed Potatoes Pouch 
2423,Your Price $2.79 each,Idahoan Four Cheese Mashed Potatoes Family Size Pouch - 8 Oz,($0.35 / Ounce),grains-pasta-sides,"('Idahoan Four Cheese Mashed Potatoes Family Size Pouch ', ' 8 Oz')",True, 8 Oz,Idahoan Four Cheese Mashed Potatoes Family Size Pouch 
2424,Your Price $1.79 each,Signature SELECT Potatoes Scalloped - 4.7 Oz,($0.38 / Ounce),grains-pasta-sides,"('Signature SELECT Potatoes Scalloped ', ' 4.7 Oz')",True, 4.7 Oz,Signature SELECT Potatoes Scalloped 
2425,Your Price $1.99 each,Idahoan Butter & Herb Mashed Potatoes Pouch - 4 Oz,($0.50 / Ounce),grains-pasta-sides,"('Idahoan Butter & Herb Mashed Potatoes Pouch ', ' 4 Oz')",True, 4 Oz,Idahoan Butter & Herb Mashed Potatoes Pouch 
2426,Your Price $0.99 each,Idahoan Original Mashed Potatoes Pouch - 2 Oz,($0.50 / Ounce),grains-pasta-sides,"('Idahoan Original Mashed Potatoes Pouch ', ' 2 Oz')",True, 2 Oz,Idahoan Original Mashed Potatoes Pouch 
2427,Your Price $1.99 each,Idahoan Sour Cream & Chives Mashed Potatoes Pouch - 4 Oz,($0.50 / Ounce),grains-pasta-sides,"('Idahoan Sour Cream & Chives Mashed Potatoes Pouch ', ' 4 Oz')",True, 4 Oz,Idahoan Sour Cream & Chives Mashed Potatoes Pouch 
2428,Your Price $1.99 each,Idahoan Classic Mashed Potatoes Pouch - 4 Oz,($0.50 / Ounce),grains-pasta-sides,"('Idahoan Classic Mashed Potatoes Pouch ', ' 4 Oz')",True, 4 Oz,Idahoan Classic Mashed Potatoes Pouch 
2429,Your Price $5.79 each,Boboli 8 Inch Twin Pack Pizza Crust - 2 Count,($0.58 / Ounce),grains-pasta-sides,"('Boboli 8 Inch Twin Pack Pizza Crust ', ' 2 Count')",True, 2 Count,Boboli 8 Inch Twin Pack Pizza Crust 
2430,Your Price $1.79 each,Ragu Homemade Style Pizza Sauce - 14 Oz,($0.13 / Ounce),grains-pasta-sides,"('Ragu Homemade Style Pizza Sauce ', ' 14 Oz')",True, 14 Oz,Ragu Homemade Style Pizza Sauce 
2431,Your Price $4.49 each,Pillsbury Pizza Crust Classic - 13.8 Oz,($0.33 / Ounce),grains-pasta-sides,"('Pillsbury Pizza Crust Classic ', ' 13.8 Oz')",True, 13.8 Oz,Pillsbury Pizza Crust Classic 
2432,Your Price $6.99 each,DeLallo Pizza Dough Kit Italian Box - 17.6 Oz,($0.40 / Ounce),grains-pasta-sides,"('DeLallo Pizza Dough Kit Italian Box ', ' 17.6 Oz')",True, 17.6 Oz,DeLallo Pizza Dough Kit Italian Box 
2433,Your Price $3.99 each,Signature SELECT Pizza Crust Original Bag - 14 Oz,($0.29 / Ounce),grains-pasta-sides,"('Signature SELECT Pizza Crust Original Bag ', ' 14 Oz')",True, 14 Oz,Signature SELECT Pizza Crust Original Bag 
2434,Your Price $5.79 each,Boboli Original Thin Pizza Crust - 10 Oz,($0.58 / Ounce),grains-pasta-sides,"('Boboli Original Thin Pizza Crust ', ' 10 Oz')",True, 10 Oz,Boboli Original Thin Pizza Crust 
2435,Your Price $3.99 each,Signature SELECT Pizza Crust Mini Bag 2 Count - 10 Oz,($0.40 / Ounce),grains-pasta-sides,"('Signature SELECT Pizza Crust Mini Bag 2 Count ', ' 10 Oz')",True, 10 Oz,Signature SELECT Pizza Crust Mini Bag 2 Count 
2436,Your Price $1.79 each,O Organics Pizza Sauce - 14 Oz,($0.13 / Ounce),grains-pasta-sides,"('O Organics Pizza Sauce ', ' 14 Oz')",True, 14 Oz,O Organics Pizza Sauce 
2437,Your Price $3.99 each,Mezzetta Sauce Pizza Italian Plum Tomatoes - 14 Oz,($0.29 / Ounce),grains-pasta-sides,"('Mezzetta Sauce Pizza Italian Plum Tomatoes ', ' 14 Oz')",True, 14 Oz,Mezzetta Sauce Pizza Italian Plum Tomatoes 
2438,Your Price $5.99 each,Raos Homemade Sauce Pizza Jar - 13 Oz,($0.46 / Ounce),grains-pasta-sides,"('Raos Homemade Sauce Pizza Jar ', ' 13 Oz')",True, 13 Oz,Raos Homemade Sauce Pizza Jar 
2439,Your Price $1.49 each,Signature SELECT Pizza Sauce Jar - 14 Oz,($0.11 / Ounce),grains-pasta-sides,"('Signature SELECT Pizza Sauce Jar ', ' 14 Oz')",True, 14 Oz,Signature SELECT Pizza Sauce Jar 
2440,Your Price $1.99 each,Contadina Pizza Sauce Pizza Squeeze - 15 Oz,($0.13 / Ounce),grains-pasta-sides,"('Contadina Pizza Sauce Pizza Squeeze ', ' 15 Oz')",True, 15 Oz,Contadina Pizza Sauce Pizza Squeeze 
2441,Your Price $6.79 each,Pastorelli Ulta Thin Pizza Crust - 8.75 Oz,($0.78 / Ounce),grains-pasta-sides,"('Pastorelli Ulta Thin Pizza Crust ', ' 8.75 Oz')",True, 8.75 Oz,Pastorelli Ulta Thin Pizza Crust 
2442,Your Price $5.79 each,Boboli 12in Original Pizza Crust - 14 Oz,($0.41 / Ounce),grains-pasta-sides,"('Boboli 12in Original Pizza Crust ', ' 14 Oz')",True, 14 Oz,Boboli 12in Original Pizza Crust 
2443,Your Price $3.19 each,Prego Pizza Sauce Pizzeria Style - 14 Oz,($0.23 / Ounce),grains-pasta-sides,"('Prego Pizza Sauce Pizzeria Style ', ' 14 Oz')",True, 14 Oz,Prego Pizza Sauce Pizzeria Style 
2444,Your Price $3.99 each,O Organics Pizza Crust Thin Crispy Personal 2pk - 5 OZ,($0.80 / Ounce),grains-pasta-sides,"('O Organics Pizza Crust Thin Crispy Personal 2pk ', ' 5 OZ')",True, 5 OZ,O Organics Pizza Crust Thin Crispy Personal 2pk 
2445,Your Price $0.99 each,JIFFY Pizza Crust Mix Box - 6.5 Oz,($0.15 / Ounce),grains-pasta-sides,"('JIFFY Pizza Crust Mix Box ', ' 6.5 Oz')",True, 6.5 Oz,JIFFY Pizza Crust Mix Box 
2446,Your Price $4.99 each,O Organics Pizza Crust Thin Crispy 2pk - 10 OZ,($0.50 / Ounce),grains-pasta-sides,"('O Organics Pizza Crust Thin Crispy 2pk ', ' 10 OZ')",True, 10 OZ,O Organics Pizza Crust Thin Crispy 2pk 
2447,Your Price $3.99 each,Signature SELECT Pizza Crust Thin Bag - 10 Oz,($0.40 / Ounce),grains-pasta-sides,"('Signature SELECT Pizza Crust Thin Bag ', ' 10 Oz')",True, 10 Oz,Signature SELECT Pizza Crust Thin Bag 
2448,Your Price $3.99 each,Jus-rol Pizza Crust Family Size - 14.1 OZ,($0.28 / Ounce),grains-pasta-sides,"('Jus rol Pizza Crust Family Size', '14.1 OZ')",True,14.1 OZ,Jus rol Pizza Crust Family Size
2449,Your Price $4.29 each,Boboli Pizza Sauce - 15 Oz,($0.29 / Ounce),grains-pasta-sides,"('Boboli Pizza Sauce ', ' 15 Oz')",True, 15 Oz,Boboli Pizza Sauce 
2450,Your Price $3.99 each,DeLallo Pizza Sauce Pizzeria Style Jar - 14 Oz,($0.29 / Ounce),grains-pasta-sides,"('DeLallo Pizza Sauce Pizzeria Style Jar ', ' 14 Oz')",True, 14 Oz,DeLallo Pizza Sauce Pizzeria Style Jar 
2451,Your Price $8.99 each,Schar Gluten Free Wheat Pizza Crust - 10.6 OZ,($0.85 / Ounce),grains-pasta-sides,"('Schar Gluten Free Wheat Pizza Crust ', ' 10.6 OZ')",True, 10.6 OZ,Schar Gluten Free Wheat Pizza Crust 
2452,Your Price $3.99 each,Jus-rol Round & Thin - 7.8 OZ,($0.51 / Ounce),grains-pasta-sides,"('Jus rol Round & Thin', '7.8 OZ')",True,7.8 OZ,Jus rol Round & Thin
2453,Your Price $2.99 each,Pastorelli Pizza Sauce Original Can - 15 Oz,($0.20 / Ounce),grains-pasta-sides,"('Pastorelli Pizza Sauce Original Can ', ' 15 Oz')",True, 15 Oz,Pastorelli Pizza Sauce Original Can 
2454,Your Price $1.99 each,Pastorelli Sauce Pizza - 8 Oz,($0.25 / Ounce),grains-pasta-sides,"('Pastorelli Sauce Pizza ', ' 8 Oz')",True, 8 Oz,Pastorelli Sauce Pizza 
2455,Your Price $4.49 each,Chef Boyardee Pizza Kit Cheese Family Size Box - 31.85 Oz,($0.14 / Ounce),grains-pasta-sides,"('Chef Boyardee Pizza Kit Cheese Family Size Box ', ' 31.85 Oz')",True, 31.85 Oz,Chef Boyardee Pizza Kit Cheese Family Size Box 
2456,Your Price $1.99 each,Signature SELECT Beans Great Northern Dry - 16 Oz,($0.12 / Ounce),grains-pasta-sides,"('Signature SELECT Beans Great Northern Dry ', ' 16 Oz')",True, 16 Oz,Signature SELECT Beans Great Northern Dry 
2457,Your Price $1.99 each,Signature SELECT Blackeye Peas Dry - 16 Oz,($0.12 / Ounce),grains-pasta-sides,"('Signature SELECT Blackeye Peas Dry ', ' 16 Oz')",True, 16 Oz,Signature SELECT Blackeye Peas Dry 
2458,Your Price $1.99 each,Signature SELECT Beans Lentil Dry - 16 Oz,($0.12 / Ounce),grains-pasta-sides,"('Signature SELECT Beans Lentil Dry ', ' 16 Oz')",True, 16 Oz,Signature SELECT Beans Lentil Dry 
2459,Your Price $1.99 each,Signature SELECT Split Peas Green Dry - 16 Oz,($0.12 / Ounce),grains-pasta-sides,"('Signature SELECT Split Peas Green Dry ', ' 16 Oz')",True, 16 Oz,Signature SELECT Split Peas Green Dry 
2460,Your Price $1.99 each,Signature SELECT Beans Pinto Dry - 16 Oz,($0.12 / Ounce),grains-pasta-sides,"('Signature SELECT Beans Pinto Dry ', ' 16 Oz')",True, 16 Oz,Signature SELECT Beans Pinto Dry 
2461,Your Price $1.99 each,Signature SELECT Beans Navy Dry - 16 Oz,($0.12 / Ounce),grains-pasta-sides,"('Signature SELECT Beans Navy Dry ', ' 16 Oz')",True, 16 Oz,Signature SELECT Beans Navy Dry 
2462,Your Price $2.79 each,Hursts HamBeens Soup 15 Bean - 20 Oz,($0.14 / Ounce),grains-pasta-sides,"('Hursts HamBeens Soup 15 Bean ', ' 20 Oz')",True, 20 Oz,Hursts HamBeens Soup 15 Bean 
2463,Your Price $1.99 each,Signature SELECT Beans Black Dry - 16 Oz,($0.12 / Ounce),grains-pasta-sides,"('Signature SELECT Beans Black Dry ', ' 16 Oz')",True, 16 Oz,Signature SELECT Beans Black Dry 
2464,Your Price $1.99 each,Signature SELECT Beans Red Kidney Dry - 16 Oz,($0.12 / Ounce),grains-pasta-sides,"('Signature SELECT Beans Red Kidney Dry ', ' 16 Oz')",True, 16 Oz,Signature SELECT Beans Red Kidney Dry 
2465,Your Price $2.49 each,Signature SELECT Beans Pinto - 32 Oz,($0.08 / Ounce),grains-pasta-sides,"('Signature SELECT Beans Pinto ', ' 32 Oz')",True, 32 Oz,Signature SELECT Beans Pinto 
2466,Your Price $3.49 each,O Organics Green Split Peas - 16 Oz,($0.22 / Ounce),grains-pasta-sides,"('O Organics Green Split Peas ', ' 16 Oz')",True, 16 Oz,O Organics Green Split Peas 
2467,Your Price $2.99 each,Signature SELECT Soup Mix Bean - 20 Oz,($0.15 / Ounce),grains-pasta-sides,"('Signature SELECT Soup Mix Bean ', ' 20 Oz')",True, 20 Oz,Signature SELECT Soup Mix Bean 
2468,Your Price $1.99 each,Signature SELECT Beans Lima Large - 16 Oz,($0.12 / Ounce),grains-pasta-sides,"('Signature SELECT Beans Lima Large ', ' 16 Oz')",True, 16 Oz,Signature SELECT Beans Lima Large 
2469,Your Price $1.99 each,Signature SELECT Beans Red Small - 16 Oz,($0.12 / Ounce),grains-pasta-sides,"('Signature SELECT Beans Red Small ', ' 16 Oz')",True, 16 Oz,Signature SELECT Beans Red Small 
2470,Your Price $1.99 each,Goya Lentils - 16 oz,($0.12 / Ounce),grains-pasta-sides,"('Goya Lentils ', ' 16 oz')",True, 16 oz,Goya Lentils 
2471,Your Price $1.67 each,Goya Beans Dark Premium Kidney - 15.5 Oz,($0.11 / Ounce),grains-pasta-sides,"('Goya Beans Dark Premium Kidney ', ' 15.5 Oz')",True, 15.5 Oz,Goya Beans Dark Premium Kidney 
2472,Your Price $2.99 each,O Organics Organic Beans Pinto - 16 Oz,($0.19 / Ounce),grains-pasta-sides,"('O Organics Organic Beans Pinto ', ' 16 Oz')",True, 16 Oz,O Organics Organic Beans Pinto 
2473,Your Price $2.99 each,O Organics Organic Beans Black - 16 Oz,($0.19 / Ounce),grains-pasta-sides,"('O Organics Organic Beans Black ', ' 16 Oz')",True, 16 Oz,O Organics Organic Beans Black 
2474,Your Price $3.99 each,Signature Select Mayocoba Beans - 32 Oz,($0.12 / Ounce),grains-pasta-sides,"('Signature Select Mayocoba Beans ', ' 32 Oz')",True, 32 Oz,Signature Select Mayocoba Beans 
2475,Your Price $1.99 each,Signature SELECT Beans Garbanzo - 16 Oz,($0.12 / Ounce),grains-pasta-sides,"('Signature SELECT Beans Garbanzo ', ' 16 Oz')",True, 16 Oz,Signature SELECT Beans Garbanzo 
2476,Your Price $1.67 each,Goya Beans Premium Small White - 15.5 Oz,($0.11 / Ounce),grains-pasta-sides,"('Goya Beans Premium Small White ', ' 15.5 Oz')",True, 15.5 Oz,Goya Beans Premium Small White 
2477,Your Price $9.99 each,Signature SELECT Beans Pinto - 10 Lb,($0.06 / Ounce),grains-pasta-sides,"('Signature SELECT Beans Pinto ', ' 10 Lb')",True, 10 Lb,Signature SELECT Beans Pinto 
2478,Your Price $6.49 each,Bob's Red Mill Red Lentils - 27 Oz,($0.24 / Ounce),grains-pasta-sides,"(""Bob's Red Mill Red Lentils "", ' 27 Oz')",True, 27 Oz,Bob's Red Mill Red Lentils 
2479,Your Price $3.49 each,O Organics Organic Beans Garbanzo - 16 Oz,($0.22 / Ounce),grains-pasta-sides,"('O Organics Organic Beans Garbanzo ', ' 16 Oz')",True, 16 Oz,O Organics Organic Beans Garbanzo 
2480,Your Price $5.99 each,Signature SELECT Beans Black - 5 Lb,($0.08 / Ounce),grains-pasta-sides,"('Signature SELECT Beans Black ', ' 5 Lb')",True, 5 Lb,Signature SELECT Beans Black 
2481,Your Price $2.99 each,Goya Peas Blackeye - 16 oz,($0.19 / Ounce),grains-pasta-sides,"('Goya Peas Blackeye ', ' 16 oz')",True, 16 oz,Goya Peas Blackeye 
2482,Your Price $1.99 each,Goya Peas Split Green - 16 Oz,($0.12 / Ounce),grains-pasta-sides,"('Goya Peas Split Green ', ' 16 Oz')",True, 16 Oz,Goya Peas Split Green 
2483,Your Price $1.67 each,Goya Beans Prime Premium Pink - 15.5 Oz,($0.11 / Ounce),grains-pasta-sides,"('Goya Beans Prime Premium Pink ', ' 15.5 Oz')",True, 15.5 Oz,Goya Beans Prime Premium Pink 
2484,Your Price $2.49 each,Goya Beans Pinto - 16 Oz,($0.16 / Ounce),grains-pasta-sides,"('Goya Beans Pinto ', ' 16 Oz')",True, 16 Oz,Goya Beans Pinto 
2485,Your Price $2.49 each,Goya Black Beans - 16 Oz,($0.16 / Ounce),grains-pasta-sides,"('Goya Black Beans ', ' 16 Oz')",True, 16 Oz,Goya Black Beans 
2486,Your Price $1.69 each,Knorr Chicken Fettuccine Pasta Pasta Sides - 4.3 Oz,($0.39 / Ounce),grains-pasta-sides,"('Knorr Chicken Fettuccine Pasta Pasta Sides ', ' 4.3 Oz')",True, 4.3 Oz,Knorr Chicken Fettuccine Pasta Pasta Sides 
2487,Your Price $1.49 each,Pasta Roni Pasta Angel Hair With Herbs Box - 4.8 Oz,($0.31 / Ounce),grains-pasta-sides,"('Pasta Roni Pasta Angel Hair With Herbs Box ', ' 4.8 Oz')",True, 4.8 Oz,Pasta Roni Pasta Angel Hair With Herbs Box 
2488,Your Price $1.69 each,Knorr Pasta Sides Spiral Cheddar Broccoli - 4.3 Oz,($0.39 / Ounce),grains-pasta-sides,"('Knorr Pasta Sides Spiral Cheddar Broccoli ', ' 4.3 Oz')",True, 4.3 Oz,Knorr Pasta Sides Spiral Cheddar Broccoli 
2489,Your Price $1.49 each,Pasta Roni Pasta Angel Hair Parmesan Cheese Box - 5.1 Oz,($0.29 / Ounce),grains-pasta-sides,"('Pasta Roni Pasta Angel Hair Parmesan Cheese Box ', ' 5.1 Oz')",True, 5.1 Oz,Pasta Roni Pasta Angel Hair Parmesan Cheese Box 
2490,Your Price $1.49 each,Pasta Roni Pasta Angel Hair Butter & Garlic Box - 4.7 Oz,($0.32 / Ounce),grains-pasta-sides,"('Pasta Roni Pasta Angel Hair Butter & Garlic Box ', ' 4.7 Oz')",True, 4.7 Oz,Pasta Roni Pasta Angel Hair Butter & Garlic Box 
2491,Your Price $1.69 each,Knorr Pasta Sides Fettuccini Butter & Herb - 4.4 Oz,($0.38 / Ounce),grains-pasta-sides,"('Knorr Pasta Sides Fettuccini Butter & Herb ', ' 4.4 Oz')",True, 4.4 Oz,Knorr Pasta Sides Fettuccini Butter & Herb 
2492,Your Price $1.49 each,Pasta Roni Pasta Shells & White Cheddar Box - 6.2 Oz,($0.24 / Ounce),grains-pasta-sides,"('Pasta Roni Pasta Shells & White Cheddar Box ', ' 6.2 Oz')",True, 6.2 Oz,Pasta Roni Pasta Shells & White Cheddar Box 
2493,Your Price $2.79 each,Suddenly Salad Pasta Salad Classic Box - 7.75 Oz,($0.36 / Ounce),grains-pasta-sides,"('Suddenly Salad Pasta Salad Classic Box ', ' 7.75 Oz')",True, 7.75 Oz,Suddenly Salad Pasta Salad Classic Box 
2494,Your Price $1.69 each,Knorr Alfredo Pasta Pasta Sides - 4.4 Oz,($0.38 / Ounce),grains-pasta-sides,"('Knorr Alfredo Pasta Pasta Sides ', ' 4.4 Oz')",True, 4.4 Oz,Knorr Alfredo Pasta Pasta Sides 
2495,Your Price $1.49 each,Pasta Roni Pasta Fettuccine Alfredo Box - 4.7 Oz,($0.32 / Ounce),grains-pasta-sides,"('Pasta Roni Pasta Fettuccine Alfredo Box ', ' 4.7 Oz')",True, 4.7 Oz,Pasta Roni Pasta Fettuccine Alfredo Box 
2496,Your Price $2.79 each,Suddenly Salad Pasta Salad Ranch & Bacon Box - 7.5 Oz,($0.37 / Ounce),grains-pasta-sides,"('Suddenly Salad Pasta Salad Ranch & Bacon Box ', ' 7.5 Oz')",True, 7.5 Oz,Suddenly Salad Pasta Salad Ranch & Bacon Box 
2497,Your Price $1.69 each,Knorr Italian Sides Creamy Garlic Shells - 4.4 Oz,($0.38 / Ounce),grains-pasta-sides,"('Knorr Italian Sides Creamy Garlic Shells ', ' 4.4 Oz')",True, 4.4 Oz,Knorr Italian Sides Creamy Garlic Shells 
2498,Your Price $1.69 each,Knorr Pasta Sides Fettuccini Parmesan - 4.3 Oz,($0.39 / Ounce),grains-pasta-sides,"('Knorr Pasta Sides Fettuccini Parmesan ', ' 4.3 Oz')",True, 4.3 Oz,Knorr Pasta Sides Fettuccini Parmesan 
2499,Your Price $1.69 each,Knorr Alfredo Broccoli Fettuccine Pasta Sides - 4.5 Oz,($0.38 / Ounce),grains-pasta-sides,"('Knorr Alfredo Broccoli Fettuccine Pasta Sides ', ' 4.5 Oz')",True, 4.5 Oz,Knorr Alfredo Broccoli Fettuccine Pasta Sides 
2500,Your Price $1.49 each,Pasta Roni Pasta Corkscrew Four Cheese Box - 6 Oz,($0.25 / Ounce),grains-pasta-sides,"('Pasta Roni Pasta Corkscrew Four Cheese Box ', ' 6 Oz')",True, 6 Oz,Pasta Roni Pasta Corkscrew Four Cheese Box 
2501,Your Price $2.19 each,Barilla Ready Pasta Rotini Pouch - 8.5 Oz,($0.26 / Ounce),grains-pasta-sides,"('Barilla Ready Pasta Rotini Pouch ', ' 8.5 Oz')",True, 8.5 Oz,Barilla Ready Pasta Rotini Pouch 
2502,Your Price $1.69 each,Knorr Chicken Broccoli Pasta Sides - 4.2 Oz,($0.40 / Ounce),grains-pasta-sides,"('Knorr Chicken Broccoli Pasta Sides ', ' 4.2 Oz')",True, 4.2 Oz,Knorr Chicken Broccoli Pasta Sides 
2503,Your Price $1.69 each,Knorr Stroganoff Pasta Sides - 4 Oz,($0.42 / Ounce),grains-pasta-sides,"('Knorr Stroganoff Pasta Sides ', ' 4 Oz')",True, 4 Oz,Knorr Stroganoff Pasta Sides 
2504,Your Price $2.79 each,Suddenly Salad Basil Pasta Salad - 7.7 Oz,($0.36 / Ounce),grains-pasta-sides,"('Suddenly Salad Basil Pasta Salad ', ' 7.7 Oz')",True, 7.7 Oz,Suddenly Salad Basil Pasta Salad 
2505,Your Price $1.49 each,Pasta Roni Jalapeno Cheddar - 5.8 Oz,($0.26 / Ounce),grains-pasta-sides,"('Pasta Roni Jalapeno Cheddar ', ' 5.8 Oz')",True, 5.8 Oz,Pasta Roni Jalapeno Cheddar 
2506,Your Price $1.49 each,Pasta Roni Pasta Linguine Chicken & Broccoli Box - 4.7 Oz,($0.32 / Ounce),grains-pasta-sides,"('Pasta Roni Pasta Linguine Chicken & Broccoli Box ', ' 4.7 Oz')",True, 4.7 Oz,Pasta Roni Pasta Linguine Chicken & Broccoli Box 
2507,Your Price $1.49 each,Pasta Roni Pasta Vermicelli Garlic & Olive Oil Box - 4.6 Oz,($0.32 / Ounce),grains-pasta-sides,"('Pasta Roni Pasta Vermicelli Garlic & Olive Oil Box ', ' 4.6 Oz')",True, 4.6 Oz,Pasta Roni Pasta Vermicelli Garlic & Olive Oil Box 
2508,Your Price $1.59 each,Pasta Roni Pasta Corkscrew Butter & Garlic Cup - 2.15 Oz,($0.74 / Ounce),grains-pasta-sides,"('Pasta Roni Pasta Corkscrew Butter & Garlic Cup ', ' 2.15 Oz')",True, 2.15 Oz,Pasta Roni Pasta Corkscrew Butter & Garlic Cup 
2509,Your Price $1.69 each,Knorr Italian Sides Spiral Four Cheese Pasta - 4.1 Oz,($0.41 / Ounce),grains-pasta-sides,"('Knorr Italian Sides Spiral Four Cheese Pasta ', ' 4.1 Oz')",True, 4.1 Oz,Knorr Italian Sides Spiral Four Cheese Pasta 
2510,Your Price $1.69 each,Knorr Teriyaki Noodles Pasta Sides - 4.6 Oz,($0.37 / Ounce),grains-pasta-sides,"('Knorr Teriyaki Noodles Pasta Sides ', ' 4.6 Oz')",True, 4.6 Oz,Knorr Teriyaki Noodles Pasta Sides 
2511,Your Price $1.49 each,Pasta Roni Chicken Fettuccine - 4.7 OZ,($0.32 / Ounce),grains-pasta-sides,"('Pasta Roni Chicken Fettuccine ', ' 4.7 OZ')",True, 4.7 OZ,Pasta Roni Chicken Fettuccine 
2512,Your Price $2.99 each,Alessi Cheese and Brocollini Risotto Rice - 6.5 Oz,($0.49 / Ounce),grains-pasta-sides,"('Alessi Cheese and Brocollini Risotto Rice ', ' 6.5 Oz')",True, 6.5 Oz,Alessi Cheese and Brocollini Risotto Rice 
2513,Your Price $1.99 each,CHEETOS Flamin Hot Mac N Cheese - 2.11 Oz,($0.94 / Ounce),grains-pasta-sides,"('CHEETOS Flamin Hot Mac N Cheese ', ' 2.11 Oz')",True, 2.11 Oz,CHEETOS Flamin Hot Mac N Cheese 
2514,Your Price $1.69 each,Knorr Pasta Sides Fettuccini Butter - 4.5 Oz,($0.38 / Ounce),grains-pasta-sides,"('Knorr Pasta Sides Fettuccini Butter ', ' 4.5 Oz')",True, 4.5 Oz,Knorr Pasta Sides Fettuccini Butter 
2515,Your Price $5.99 each,O Organics Organic Quinoa - 16 Oz,($0.37 / Ounce),grains-pasta-sides,"('O Organics Organic Quinoa ', ' 16 Oz')",True, 16 Oz,O Organics Organic Quinoa 
2516,Your Price $8.99 each,Ancient Harvest Quinoa Traditional Pouch - 27 Oz,($0.33 / Ounce),grains-pasta-sides,"('Ancient Harvest Quinoa Traditional Pouch ', ' 27 Oz')",True, 27 Oz,Ancient Harvest Quinoa Traditional Pouch 
2517,Your Price $2.99 each,Quaker Barley Pearled Quick - 11 Oz,($0.27 / Ounce),grains-pasta-sides,"('Quaker Barley Pearled Quick ', ' 11 Oz')",True, 11 Oz,Quaker Barley Pearled Quick 
2518,Your Price $6.99 each,Ancient Harvest Quinoa Organic Inca Red Grains - 12 Oz,($0.58 / Ounce),grains-pasta-sides,"('Ancient Harvest Quinoa Organic Inca Red Grains ', ' 12 Oz')",True, 12 Oz,Ancient Harvest Quinoa Organic Inca Red Grains 
2519,Your Price $1.99 each,Signature SELECT Beans Pearl Barley Dry - 16 Oz,($0.12 / Ounce),grains-pasta-sides,"('Signature SELECT Beans Pearl Barley Dry ', ' 16 Oz')",True, 16 Oz,Signature SELECT Beans Pearl Barley Dry 
2520,Your Price $5.49 each,O Organics Organic Quinoa Quick-Cook - 8 Oz,($0.69 / Ounce),grains-pasta-sides,"('O Organics Organic Quinoa Quick Cook', '8 Oz')",True,8 Oz,O Organics Organic Quinoa Quick Cook
2521,Your Price $17.99 each,O Organics Organic Quinoa - 64 Oz,($0.28 / Ounce),grains-pasta-sides,"('O Organics Organic Quinoa ', ' 64 Oz')",True, 64 Oz,O Organics Organic Quinoa 
2522,Your Price $6.99 each,Ancient Harvest Quinoa Harmony Tri Color Blend - 12 Oz,($0.58 / Ounce),grains-pasta-sides,"('Ancient Harvest Quinoa Harmony Tri Color Blend ', ' 12 Oz')",True, 12 Oz,Ancient Harvest Quinoa Harmony Tri Color Blend 
2523,Your Price $6.99 each,Quinoa Cooked - 17.6 Oz,($0.40 / Ounce),grains-pasta-sides,"('Quinoa Cooked ', ' 17.6 Oz')",True, 17.6 Oz,Quinoa Cooked 
2524,Your Price $8.99 each,Ancient Harvest Quinoa Harmony Pouch - 23 Oz,($0.39 / Ounce),grains-pasta-sides,"('Ancient Harvest Quinoa Harmony Pouch ', ' 23 Oz')",True, 23 Oz,Ancient Harvest Quinoa Harmony Pouch 
2525,Your Price $6.99 each,Bobs Red Mill Grains Of Discovery Organic Farro - 24 Oz,($0.29 / Ounce),grains-pasta-sides,"('Bobs Red Mill Grains Of Discovery Organic Farro ', ' 24 Oz')",True, 24 Oz,Bobs Red Mill Grains Of Discovery Organic Farro 
2526,Your Price $8.99 each,RiceSelect Quinoa Gluten Free Tricolor Jar - 22 Oz,($0.41 / Ounce),grains-pasta-sides,"('RiceSelect Quinoa Gluten Free Tricolor Jar ', ' 22 Oz')",True, 22 Oz,RiceSelect Quinoa Gluten Free Tricolor Jar 
2527,Your Price $5.99 each,Natures Earthly Choice Organic Farro Italian Pearled - 14 Oz,($0.43 / Ounce),grains-pasta-sides,"('Natures Earthly Choice Organic Farro Italian Pearled ', ' 14 Oz')",True, 14 Oz,Natures Earthly Choice Organic Farro Italian Pearled 
2528,Your Price $4.49 each,Bobs Red Mill Pearl Barley - 30 Oz,($0.15 / Ounce),grains-pasta-sides,"('Bobs Red Mill Pearl Barley ', ' 30 Oz')",True, 30 Oz,Bobs Red Mill Pearl Barley 
2529,Your Price $8.99 each,RiceSelect Quinoa White - 22 Oz,($0.41 / Ounce),grains-pasta-sides,"('RiceSelect Quinoa White ', ' 22 Oz')",True, 22 Oz,RiceSelect Quinoa White 
2530,Your Price $2.99 each,Quaker Barley Pearled Medium - 16 Oz,($0.19 / Ounce),grains-pasta-sides,"('Quaker Barley Pearled Medium ', ' 16 Oz')",True, 16 Oz,Quaker Barley Pearled Medium 
2531,Your Price $3.49 each,Minute Multi-Grain Medley - 4-3 Oz,($0.29 / Ounce),grains-pasta-sides,"('Minute Multi Grain Medley', '4-3 Oz')",True,4-3 Oz,Minute Multi Grain Medley
2532,Your Price $4.99 each,Arrowhead Mills Organic Barley Pearled - 28 Oz,($0.18 / Ounce),grains-pasta-sides,"('Arrowhead Mills Organic Barley Pearled ', ' 28 Oz')",True, 28 Oz,Arrowhead Mills Organic Barley Pearled 
2533,Your Price $6.49 each,Bob's Red Mill Organic Tri Color Quinoa Grain - 13 Oz,($0.50 / Ounce),grains-pasta-sides,"(""Bob's Red Mill Organic Tri Color Quinoa Grain "", ' 13 Oz')",True, 13 Oz,Bob's Red Mill Organic Tri Color Quinoa Grain 
2534,Your Price $10.99 each,Navitas Naturals Maca Powder - 8 Oz,($1.37 / Ounce),grains-pasta-sides,"('Navitas Naturals Maca Powder ', ' 8 Oz')",True, 8 Oz,Navitas Naturals Maca Powder 
2535,Your Price $6.99 each,Natures Earthly Choice Organic Quinoa Premium Red - 12 Oz,($0.58 / Ounce),grains-pasta-sides,"('Natures Earthly Choice Organic Quinoa Premium Red ', ' 12 Oz')",True, 12 Oz,Natures Earthly Choice Organic Quinoa Premium Red 
2536,Your Price $6.99 each,Natures Earthly Choice Organic Quinoa Premium - 12 Oz,($0.58 / Ounce),grains-pasta-sides,"('Natures Earthly Choice Organic Quinoa Premium ', ' 12 Oz')",True, 12 Oz,Natures Earthly Choice Organic Quinoa Premium 
2537,Your Price $9.99 each,Arrowhead Mills Organic Quinoa - 14 Oz,($0.71 / Ounce),grains-pasta-sides,"('Arrowhead Mills Organic Quinoa ', ' 14 Oz')",True, 14 Oz,Arrowhead Mills Organic Quinoa 
2538,Your Price $3.49 each,Natures Earthly Choice Barley And Lentil - 8.5 Oz,($0.41 / Ounce),grains-pasta-sides,"('Natures Earthly Choice Barley And Lentil ', ' 8.5 Oz')",True, 8.5 Oz,Natures Earthly Choice Barley And Lentil 
2539,Your Price $2.99 each,Ancient Harvest Quinoa Organic Southwestern - 8 Oz,($0.37 / Ounce),grains-pasta-sides,"('Ancient Harvest Quinoa Organic Southwestern ', ' 8 Oz')",True, 8 Oz,Ancient Harvest Quinoa Organic Southwestern 
2540,Your Price $2.99 each,Stove Top Cornbread Stuffing Mix Box - 6 Oz,($0.50 / Ounce),grains-pasta-sides,"('Stove Top Cornbread Stuffing Mix Box ', ' 6 Oz')",True, 6 Oz,Stove Top Cornbread Stuffing Mix Box 
2541,Your Price $2.99 each,Stove Top Stuffing Mix for Chicken Box - 6 Oz,($0.50 / Ounce),grains-pasta-sides,"('Stove Top Stuffing Mix for Chicken Box ', ' 6 Oz')",True, 6 Oz,Stove Top Stuffing Mix for Chicken Box 
2542,Your Price $3.00 each,Pepperidge Farm Stuffing Cubed Herb Seasoned Bag - 12 Oz,($0.25 / Ounce),grains-pasta-sides,"('Pepperidge Farm Stuffing Cubed Herb Seasoned Bag ', ' 12 Oz')",True, 12 Oz,Pepperidge Farm Stuffing Cubed Herb Seasoned Bag 
2543,Your Price $3.00 each,Pepperidge Farm Stuffing Cubed Country Style Bag - 12 Oz,($0.25 / Ounce),grains-pasta-sides,"('Pepperidge Farm Stuffing Cubed Country Style Bag ', ' 12 Oz')",True, 12 Oz,Pepperidge Farm Stuffing Cubed Country Style Bag 
2544,Your Price $2.99 each,Stove Top Stuffing Mix for Pork Box - 6 Oz,($0.50 / Ounce),grains-pasta-sides,"('Stove Top Stuffing Mix for Pork Box ', ' 6 Oz')",True, 6 Oz,Stove Top Stuffing Mix for Pork Box 
2545,Your Price $3.00 each,Pepperidge Farm Stuffing Herb - 12 Oz,($0.25 / Ounce),grains-pasta-sides,"('Pepperidge Farm Stuffing Herb ', ' 12 Oz')",True, 12 Oz,Pepperidge Farm Stuffing Herb 
2546,Your Price $6.79 each,Aleias Stuffing Mix Savory Box - 10 Oz,($0.68 / Ounce),grains-pasta-sides,"('Aleias Stuffing Mix Savory Box ', ' 10 Oz')",True, 10 Oz,Aleias Stuffing Mix Savory Box 
2547,Your Price $6.79 each,Aleias Stuffing Mix Plains Box - 10 Oz,($0.68 / Ounce),grains-pasta-sides,"('Aleias Stuffing Mix Plains Box ', ' 10 Oz')",True, 10 Oz,Aleias Stuffing Mix Plains Box 
2548,Your Price $2.99 each,Stove Top Savory Herbs Stuffing Mix Box - 6 Oz,($0.50 / Ounce),grains-pasta-sides,"('Stove Top Savory Herbs Stuffing Mix Box ', ' 6 Oz')",True, 6 Oz,Stove Top Savory Herbs Stuffing Mix Box 
2549,Your Price $4.29 each,Brownberry Sage & Onion Cubed Stuffing - 12 Oz,($0.31 / Ounce),grains-pasta-sides,"('Brownberry Sage & Onion Cubed Stuffing ', ' 12 Oz')",True, 12 Oz,Brownberry Sage & Onion Cubed Stuffing 
2550,Your Price $2.99 each,Stove Top Stuffing Mix for Turkey Box - 6 Oz,($0.50 / Ounce),grains-pasta-sides,"('Stove Top Stuffing Mix for Turkey Box ', ' 6 Oz')",True, 6 Oz,Stove Top Stuffing Mix for Turkey Box 
2551,Your Price $3.00 each,Pepperidge Farm Stuffing Cornbread - 12 Oz,($0.25 / Ounce),grains-pasta-sides,"('Pepperidge Farm Stuffing Cornbread ', ' 12 Oz')",True, 12 Oz,Pepperidge Farm Stuffing Cornbread 
2552,Your Price $4.29 each,Brownberry Herb Seasoned Cubed Stuffing - 12 Oz,($0.31 / Ounce),grains-pasta-sides,"('Brownberry Herb Seasoned Cubed Stuffing ', ' 12 Oz')",True, 12 Oz,Brownberry Herb Seasoned Cubed Stuffing 
2553,Your Price $2.99 each,Stove Top Traditional Sage Stuffing Mix Box - 6 Oz,($0.50 / Ounce),grains-pasta-sides,"('Stove Top Traditional Sage Stuffing Mix Box ', ' 6 Oz')",True, 6 Oz,Stove Top Traditional Sage Stuffing Mix Box 
2554,Your Price $3.00 each,Pepperidge Farm Stuffing Cubed Sage & Onion Bag - 12 Oz,($0.25 / Ounce),grains-pasta-sides,"('Pepperidge Farm Stuffing Cubed Sage & Onion Bag ', ' 12 Oz')",True, 12 Oz,Pepperidge Farm Stuffing Cubed Sage & Onion Bag 
2555,Your Price $4.29 each,Brownberry Unseasoned Cubed Stuffing - 12 Oz,($0.36 / Ounce),grains-pasta-sides,"('Brownberry Unseasoned Cubed Stuffing ', ' 12 Oz')",True, 12 Oz,Brownberry Unseasoned Cubed Stuffing 
2556,Your Price $1.99 each,Signature SELECT Stuffing Mix Turkey Flavored Box - 6 Oz,($0.33 / Ounce),grains-pasta-sides,"('Signature SELECT Stuffing Mix Turkey Flavored Box ', ' 6 Oz')",True, 6 Oz,Signature SELECT Stuffing Mix Turkey Flavored Box 
2557,Your Price $1.99 each,Signature SELECT Stuffing Mix Chicken Flavored Box - 6 Oz,($0.33 / Ounce),grains-pasta-sides,"('Signature SELECT Stuffing Mix Chicken Flavored Box ', ' 6 Oz')",True, 6 Oz,Signature SELECT Stuffing Mix Chicken Flavored Box 
2558,Your Price $3.99 each,Rightrice Rice Hldy Brwn Bttr Sage - EA,($0.57 / Ounce),grains-pasta-sides,"('Rightrice Rice Hldy Brwn Bttr Sage ', ' EA')",True, EA,Rightrice Rice Hldy Brwn Bttr Sage 
2559,Your Price $4.79 each,Natures Earthly Choice Flax Seed Milled Organic - 10 Oz,($0.48 / Ounce),grains-pasta-sides,"('Natures Earthly Choice Flax Seed Milled Organic ', ' 10 Oz')",True, 10 Oz,Natures Earthly Choice Flax Seed Milled Organic 
2560,Your Price $6.99 each,Natures Earthly Choice Hemp Seed Raw Shelled - 8 Oz,($0.87 / Ounce),grains-pasta-sides,"('Natures Earthly Choice Hemp Seed Raw Shelled ', ' 8 Oz')",True, 8 Oz,Natures Earthly Choice Hemp Seed Raw Shelled 
2561,Your Price $4.99 each,Arrowhead Mills Organic Flax Seeds - 16 Oz,($0.31 / Ounce),grains-pasta-sides,"('Arrowhead Mills Organic Flax Seeds ', ' 16 Oz')",True, 16 Oz,Arrowhead Mills Organic Flax Seeds 
2562,Your Price $57.96 each,USDA Choice Beef Loin T-Bone Steak Value Pack - 4 Lb,($14.49 / Lb),meat-seafood,"('USDA Choice Beef Loin T Bone Steak Value Pack', '4 Lb')",True,4 Lb,USDA Choice Beef Loin T Bone Steak Value Pack
2563,Your Price $15.97  / eaeach,USDA Choice Beef Tenderloin Filet Mignon Steak - 1.00 Lb,($15.97 / Lb),meat-seafood,"('USDA Choice Beef Tenderloin Filet Mignon Steak ', ' 1.00 Lb')",True, 1.00 Lb,USDA Choice Beef Tenderloin Filet Mignon Steak 
2564,Your Price $41.22 each,USDA Choice Beef Ribeye Steak Boneless Value Pack - 2.5 Lb,($16.49 / Lb),meat-seafood,"('USDA Choice Beef Ribeye Steak Boneless Value Pack ', ' 2.5 Lb')",True, 2.5 Lb,USDA Choice Beef Ribeye Steak Boneless Value Pack 
2565,Your Price $25.47 each,USDA Choice Beef Cross Rib Chuck Roast Boneless - 3 Lb,($8.49 / Lb),meat-seafood,"('USDA Choice Beef Cross Rib Chuck Roast Boneless ', ' 3 Lb')",True, 3 Lb,USDA Choice Beef Cross Rib Chuck Roast Boneless 
2566,Your Price $20.97 each,USDA Choice Beef Bottom Round Roast - 3.00 Lb,($6.99 / Lb),meat-seafood,"('USDA Choice Beef Bottom Round Roast ', ' 3.00 Lb')",True, 3.00 Lb,USDA Choice Beef Bottom Round Roast 
2567,Your Price $11.24 each,USDA Choice Beef For Stew - 1.50 Lbs.,($7.49 / Lb),meat-seafood,"('USDA Choice Beef For Stew ', ' 1.50 Lbs.')",True, 1.50 Lbs.,USDA Choice Beef For Stew 
2568,Your Price $20.97 each,USDA Choice Beef Eye Of Round Roast - 3.00 Lb,($6.99 / Lb),meat-seafood,"('USDA Choice Beef Eye Of Round Roast ', ' 3.00 Lb')",True, 3.00 Lb,USDA Choice Beef Eye Of Round Roast 
2569,Your Price $16.49  / eaeach,USDA Choice Beef Ribeye Steak Boneless - 1.00 Lb,($16.49 / Lb),meat-seafood,"('USDA Choice Beef Ribeye Steak Boneless ', ' 1.00 Lb')",True, 1.00 Lb,USDA Choice Beef Ribeye Steak Boneless 
2570,Your Price $137.66 each,Beef Rib Roast Bone In Imported - Weight Between 8-11 Lb,($14.49 / Lb),meat-seafood,"('Beef Rib Roast Bone In Imported  Weight Between 8', '11 Lb')",True,11 Lb,Beef Rib Roast Bone In Imported  Weight Between 8
2571,Your Price $10.11 each,Signature Farms Ground Beef 96% Lean 4% Fat - 1.35 Lb,($7.49 / Lb),meat-seafood,"('Signature Farms Ground Beef 96% Lean 4% Fat ', ' 1.35 Lb')",True, 1.35 Lb,Signature Farms Ground Beef 96% Lean 4% Fat 
2572,Your Price $6.49  / eaeach,Ground Beef Sirloin 90% Lean 10% Fat - 1 Lb,($6.49 / Lb),meat-seafood,"('Ground Beef Sirloin 90% Lean 10% Fat ', ' 1 Lb')",True, 1 Lb,Ground Beef Sirloin 90% Lean 10% Fat 
2573,Your Price $10.99 each,Signature Farms 73% Lean Ground Beef 27% Fat Chub - 48 OZ,($0.23 / Ounce),meat-seafood,"('Signature Farms 73% Lean Ground Beef 27% Fat Chub ', ' 48 OZ')",True, 48 OZ,Signature Farms 73% Lean Ground Beef 27% Fat Chub 
2574,Your Price $21.74 each,USDA Choice Beef Loin T-Bone Steak Prepacked - 1.50 Lb,($14.49 / Lb),meat-seafood,"('USDA Choice Beef Loin T Bone Steak Prepacked', '1.50 Lb')",True,1.50 Lb,USDA Choice Beef Loin T Bone Steak Prepacked
2575,Your Price $16.98 each,USDA Choice Beef Chuck Short Ribs - 2.00 Lb,($8.49 / Lb),meat-seafood,"('USDA Choice Beef Chuck Short Ribs ', ' 2.00 Lb')",True, 2.00 Lb,USDA Choice Beef Chuck Short Ribs 
2576,Your Price $6.49  / eaeach,USDA Choice Beef Sirloin Petite Steak - 1 Lb.,($6.49 / Lb),meat-seafood,"('USDA Choice Beef Sirloin Petite Steak ', ' 1 Lb.')",True, 1 Lb.,USDA Choice Beef Sirloin Petite Steak 
2577,Your Price $22.72 each,USDA Choice Beef For Stew Value Pack - 3.50 Lbs.,($6.49 / Lb),meat-seafood,"('USDA Choice Beef For Stew Value Pack ', ' 3.50 Lbs.')",True, 3.50 Lbs.,USDA Choice Beef For Stew Value Pack 
2578,Your Price $29.98 each,USDA Choice Beef Tri Tip Loin Roast - 2.50 Lb,($11.99 / Lb),meat-seafood,"('USDA Choice Beef Tri Tip Loin Roast ', ' 2.50 Lb')",True, 2.50 Lb,USDA Choice Beef Tri Tip Loin Roast 
2579,Your Price $41.94 each,USDA Choice Beef Top Loin Roast Boneless - 6.00 Lb,($6.99 / Lb),meat-seafood,"('USDA Choice Beef Top Loin Roast Boneless ', ' 6.00 Lb')",True, 6.00 Lb,USDA Choice Beef Top Loin Roast Boneless 
2580,Your Price $7.99  / eaeach,USDA Choice Beef Top Loin Sirloin Steak Boneless - 1.00 Lb,($7.99 / Lb),meat-seafood,"('USDA Choice Beef Top Loin Sirloin Steak Boneless ', ' 1.00 Lb')",True, 1.00 Lb,USDA Choice Beef Top Loin Sirloin Steak Boneless 
2581,Your Price $9.99 each,O Organics Organic Ground Beef 85% Lean 15% Fat - 16 Oz.,($9.99 / Pound),meat-seafood,"('O Organics Organic Ground Beef 85% Lean 15% Fat ', ' 16 Oz.')",True, 16 Oz.,O Organics Organic Ground Beef 85% Lean 15% Fat 
2582,Your Price $6.99  / eaeach,Atlantic Salmon Fillet Farmed Fresh Color Added - 1 Lb,($6.99 / Lb),meat-seafood,"('Atlantic Salmon Fillet Farmed Fresh Color Added ', ' 1 Lb')",True, 1 Lb,Atlantic Salmon Fillet Farmed Fresh Color Added 
2583,Your Price $9.99  /  eaeach,Lobster Tail Raw 4 Oz Frozen 1 Count Service Case - Each,($9.99 / Each),meat-seafood,"('Lobster Tail Raw 4 Oz Frozen 1 Count Service Case ', ' Each')",True, Each,Lobster Tail Raw 4 Oz Frozen 1 Count Service Case 
2584,Your Price $59.98 each,King Crab Leg Clusters Service Case - 2.00 Lb,($29.99 / Lb),meat-seafood,"('King Crab Leg Clusters Service Case ', ' 2.00 Lb')",True, 2.00 Lb,King Crab Leg Clusters Service Case 
2585,Your Price $16.99 each,Open Nature Salmon Sockeye Fillet Wild Caught - 12 Oz,($1.42 / Ounce),meat-seafood,"('Open Nature Salmon Sockeye Fillet Wild Caught ', ' 12 Oz')",True, 12 Oz,Open Nature Salmon Sockeye Fillet Wild Caught 
2586,Your Price $19.99 each,waterfront BISTRO Shrimp Cooked With Cocktail Sauce - 32 Oz,($0.62 / Ounce),meat-seafood,"('waterfront BISTRO Shrimp Cooked With Cocktail Sauce ', ' 32 Oz')",True, 32 Oz,waterfront BISTRO Shrimp Cooked With Cocktail Sauce 
2587,Your Price $13.99  / eaeach,Haddock Fillet Fresh - 1.00 Lb,($13.99 / Lb),meat-seafood,"('Haddock Fillet Fresh ', ' 1.00 Lb')",True, 1.00 Lb,Haddock Fillet Fresh 
2588,Your Price $5.99 each,waterfront BISTRO Crab Cakes - 5 Count,($0.35 / Ounce),meat-seafood,"('waterfront BISTRO Crab Cakes ', ' 5 Count')",True, 5 Count,waterfront BISTRO Crab Cakes 
2589,Your Price $10.99 each,Open Nature Alaska Cod Fillet Wild Caught - 12 Oz,($0.92 / Ounce),meat-seafood,"('Open Nature Alaska Cod Fillet Wild Caught ', ' 12 Oz')",True, 12 Oz,Open Nature Alaska Cod Fillet Wild Caught 
2590,Your Price $7.49 each,LASCCO Salmon Nova Wild Caught - 3 Oz,($2.50 / Ounce),meat-seafood,"('LASCCO Salmon Nova Wild Caught ', ' 3 Oz')",True, 3 Oz,LASCCO Salmon Nova Wild Caught 
2591,Your Price $11.99 each,Seafood Service Counter Fish Catfish Fillet Fresh - 1.50 Lb,($7.99 / Lb),meat-seafood,"('Seafood Service Counter Fish Catfish Fillet Fresh ', ' 1.50 Lb')",True, 1.50 Lb,Seafood Service Counter Fish Catfish Fillet Fresh 
2592,Your Price $9.49 each,Waterfront Bistro Catfish Fillets - 16 Oz,($0.59 / Ounce),meat-seafood,"('Waterfront Bistro Catfish Fillets ', ' 16 Oz')",True, 16 Oz,Waterfront Bistro Catfish Fillets 
2593,Your Price $4.29 each,Trans Ocean Crab Classic Flake Style - 8 Oz,($0.54 / Ounce),meat-seafood,"('Trans Ocean Crab Classic Flake Style ', ' 8 Oz')",True, 8 Oz,Trans Ocean Crab Classic Flake Style 
2594,Your Price $12.99 each,Waterfront Bistro Scallops Peruvian 20 - 30 Ct - 16 OZ,($0.81 / Ounce),meat-seafood,"('Waterfront Bistro Scallops Peruvian 20  ', '30 Ct16 OZ')",True,30 Ct16 OZ,Waterfront Bistro Scallops Peruvian 20  
2595,Your Price $9.99 each,Chefs Net Shrimp Ring Cooked - 10 Oz,($1.00 / Ounce),meat-seafood,"('Chefs Net Shrimp Ring Cooked ', ' 10 Oz')",True, 10 Oz,Chefs Net Shrimp Ring Cooked 
2596,Your Price $7.99 each,Tyson Fully Cooked Crispy Frozen Chicken Strips - 25 Oz,($0.32 / Ounce),meat-seafood,"('Tyson Fully Cooked Crispy Frozen Chicken Strips ', ' 25 Oz')",True, 25 Oz,Tyson Fully Cooked Crispy Frozen Chicken Strips 
2597,Your Price $12.99 each,Sea Cuisine Pan Sear Garlic And Herb Tilapia - 9 Oz,($1.44 / Ounce),meat-seafood,"('Sea Cuisine Pan Sear Garlic And Herb Tilapia ', ' 9 Oz')",True, 9 Oz,Sea Cuisine Pan Sear Garlic And Herb Tilapia 
2598,Your Price $12.99 each,Sea Cuisine Pan Sear Teriyaki Sesame Salmon - 9 Oz,($1.44 / Ounce),meat-seafood,"('Sea Cuisine Pan Sear Teriyaki Sesame Salmon ', ' 9 Oz')",True, 9 Oz,Sea Cuisine Pan Sear Teriyaki Sesame Salmon 
2599,Your Price $14.49 each,waterfront BISTRO Shrimp Butterfly Breaded - 28 Oz,($0.52 / Ounce),meat-seafood,"('waterfront BISTRO Shrimp Butterfly Breaded ', ' 28 Oz')",True, 28 Oz,waterfront BISTRO Shrimp Butterfly Breaded 
2600,Your Price $12.49 each,SeaPak Oven Crispy Butterfly Shrimp Family Size - 20 Oz,($0.62 / Ounce),meat-seafood,"('SeaPak Oven Crispy Butterfly Shrimp Family Size ', ' 20 Oz')",True, 20 Oz,SeaPak Oven Crispy Butterfly Shrimp Family Size 
2601,Your Price $5.99 each,Tyson Air Fried Perfectly Crispy Chicken Nuggets - 25 Oz,($0.24 / Ounce),meat-seafood,"('Tyson Air Fried Perfectly Crispy Chicken Nuggets ', ' 25 Oz')",True, 25 Oz,Tyson Air Fried Perfectly Crispy Chicken Nuggets 
2602,Your Price $9.99 each,Hormel Slow Simmered Beef Roast Au Jus - 15 Oz.,($0.67 / Ounce),meat-seafood,"('Hormel Slow Simmered Beef Roast Au Jus ', ' 15 Oz.')",True, 15 Oz.,Hormel Slow Simmered Beef Roast Au Jus 
2603,Your Price $5.99 each,Tyson Fully Cooked Breaded Chicken Nuggets - 32 Oz,($0.19 / Ounce),meat-seafood,"('Tyson Fully Cooked Breaded Chicken Nuggets ', ' 32 Oz')",True, 32 Oz,Tyson Fully Cooked Breaded Chicken Nuggets 
2604,Your Price $14.49 each,Jewel Cooked Smoked Pork Backribs With Sauce - 25.6 Oz,($0.57 / Ounce),meat-seafood,"('Jewel Cooked Smoked Pork Backribs With Sauce ', ' 25.6 Oz')",True, 25.6 Oz,Jewel Cooked Smoked Pork Backribs With Sauce 
2605,Your Price $7.99 each,Tyson Buffalo Style Frozen Chicken Strips - 25 Oz,($0.32 / Ounce),meat-seafood,"('Tyson Buffalo Style Frozen Chicken Strips ', ' 25 Oz')",True, 25 Oz,Tyson Buffalo Style Frozen Chicken Strips 
2606,Your Price $5.99 each,Tyson Fully Cooked Chicken Patties - 26 Oz,($0.23 / Ounce),meat-seafood,"('Tyson Fully Cooked Chicken Patties ', ' 26 Oz')",True, 26 Oz,Tyson Fully Cooked Chicken Patties 
2607,Your Price $15.99 each,Tyson Fully Cooked Chicken Nuggets - 4.4 Lb,($0.23 / Ounce),meat-seafood,"('Tyson Fully Cooked Chicken Nuggets ', ' 4.4 Lb')",True, 4.4 Lb,Tyson Fully Cooked Chicken Nuggets 
2608,Your Price $9.49 each,Signature Farms Frozen Chicken Wings - 48 Oz.,($0.20 / Ounce),meat-seafood,"('Signature Farms Frozen Chicken Wings ', ' 48 Oz.')",True, 48 Oz.,Signature Farms Frozen Chicken Wings 
2609,Your Price $9.99 each,Hormel Beef Tips & Gravy Slow Simmered - 15 Oz,($0.67 / Ounce),meat-seafood,"('Hormel Beef Tips & Gravy Slow Simmered ', ' 15 Oz')",True, 15 Oz,Hormel Beef Tips & Gravy Slow Simmered 
2610,Your Price $5.99 each,Signature SELECT Meatballs Italian Style - 24 Oz,($0.25 / Ounce),meat-seafood,"('Signature SELECT Meatballs Italian Style ', ' 24 Oz')",True, 24 Oz,Signature SELECT Meatballs Italian Style 
2611,Your Price $15.99 each,Bubba Burger Original 6 Count Frozen - 32 Oz,($0.50 / Ounce),meat-seafood,"('Bubba Burger Original 6 Count Frozen ', ' 32 Oz')",True, 32 Oz,Bubba Burger Original 6 Count Frozen 
2612,Your Price $7.99 each,Hormel Meatloaf Homestyle - 15 Oz,($0.53 / Ounce),meat-seafood,"('Hormel Meatloaf Homestyle ', ' 15 Oz')",True, 15 Oz,Hormel Meatloaf Homestyle 
2613,Your Price $7.99 each,Tyson Anytizers Frozen Popcorn Chicken - 24 Oz,($0.33 / Ounce),meat-seafood,"('Tyson Anytizers Frozen Popcorn Chicken ', ' 24 Oz')",True, 24 Oz,Tyson Anytizers Frozen Popcorn Chicken 
2614,Your Price $8.99 each,Kevins Natural Foods Korean Style Bbq Chicken - 16 Oz.,($0.56 / Ounce),meat-seafood,"('Kevins Natural Foods Korean Style Bbq Chicken ', ' 16 Oz.')",True, 16 Oz.,Kevins Natural Foods Korean Style Bbq Chicken 
2615,Your Price $5.99 each,Cooked Perfect Homestyle Meatballs - 28 OZ,($0.21 / Ounce),meat-seafood,"('Cooked Perfect Homestyle Meatballs ', ' 28 OZ')",True, 28 OZ,Cooked Perfect Homestyle Meatballs 
2616,Your Price $9.99 each,Gortons Fish Sticks Value Pack - 24.5 Oz,($0.41 / Ounce),meat-seafood,"('Gortons Fish Sticks Value Pack ', ' 24.5 Oz')",True, 24.5 Oz,Gortons Fish Sticks Value Pack 
2617,Your Price $7.49 each,Nathans Pretzel Beef Corn Dog - 20 Oz,($0.37 / Ounce),meat-seafood,"('Nathans Pretzel Beef Corn Dog ', ' 20 Oz')",True, 20 Oz,Nathans Pretzel Beef Corn Dog 
2618,Your Price $12.99 each,Wright Thick Sliced Applewood Smoked Bacon - 1.5 Lb,($0.54 / Ounce),meat-seafood,"('Wright Thick Sliced Applewood Smoked Bacon ', ' 1.5 Lb')",True, 1.5 Lb,Wright Thick Sliced Applewood Smoked Bacon 
2619,Your Price $8.99 each,Oscar Mayer Naturally Hardwood Smoked Bacon Slices - 16 Oz,($0.56 / Ounce),meat-seafood,"('Oscar Mayer Naturally Hardwood Smoked Bacon Slices ', ' 16 Oz')",True, 16 Oz,Oscar Mayer Naturally Hardwood Smoked Bacon Slices 
2620,Your Price $16.99 each,Signature SELECT Bacon Applewood Smoked Thick Cut - 3 Lb,($0.35 / Ounce),meat-seafood,"('Signature SELECT Bacon Applewood Smoked Thick Cut ', ' 3 Lb')",True, 3 Lb,Signature SELECT Bacon Applewood Smoked Thick Cut 
2621,Your Price $10.99 each,Ball Park Bun Size Beef Hot Dogs - 16 Count,($0.37 / Ounce),meat-seafood,"('Ball Park Bun Size Beef Hot Dogs ', ' 16 Count')",True, 16 Count,Ball Park Bun Size Beef Hot Dogs 
2622,Your Price $5.99 each,Jimmy Dean Premium Pork Regular Sausage Roll - 16 Oz,($0.37 / Ounce),meat-seafood,"('Jimmy Dean Premium Pork Regular Sausage Roll ', ' 16 Oz')",True, 16 Oz,Jimmy Dean Premium Pork Regular Sausage Roll 
2623,Your Price $5.79 each,Hillshire Farm Beef Smoked Sausage Rope - 12 Oz,($0.48 / Ounce),meat-seafood,"('Hillshire Farm Beef Smoked Sausage Rope ', ' 12 Oz')",True, 12 Oz,Hillshire Farm Beef Smoked Sausage Rope 
2624,Your Price $5.99 each,Smithfield Naturally Hickory Smoked Thick Cut Bacon - 16 Oz,($0.37 / Ounce),meat-seafood,"('Smithfield Naturally Hickory Smoked Thick Cut Bacon ', ' 16 Oz')",True, 16 Oz,Smithfield Naturally Hickory Smoked Thick Cut Bacon 
2625,Your Price $7.59 each,Johnsonville Italian Sausage Mild - 19 Oz.,($0.40 / Ounce),meat-seafood,"('Johnsonville Italian Sausage Mild ', ' 19 Oz.')",True, 19 Oz.,Johnsonville Italian Sausage Mild 
2626,Your Price $5.99 each,Jimmy Dean Premium Applewood Smoked Bacon - 12 Oz,($0.50 / Ounce),meat-seafood,"('Jimmy Dean Premium Applewood Smoked Bacon ', ' 12 Oz')",True, 12 Oz,Jimmy Dean Premium Applewood Smoked Bacon 
2627,Your Price $5.79 each,Hillshire Farm Polska Kielbasa Smoked Sausage Rope - 14 Oz,($0.41 / Ounce),meat-seafood,"('Hillshire Farm Polska Kielbasa Smoked Sausage Rope ', ' 14 Oz')",True, 14 Oz,Hillshire Farm Polska Kielbasa Smoked Sausage Rope 
2628,Your Price $7.49 each,Jewel Mild Italian Sausage - 20 Oz,($0.37 / Ounce),meat-seafood,"('Jewel Mild Italian Sausage ', ' 20 Oz')",True, 20 Oz,Jewel Mild Italian Sausage 
2629,Your Price $5.99 each,Jimmy Dean Premium Hickory Smoked Bacon - 12 Oz,($0.50 / Ounce),meat-seafood,"('Jimmy Dean Premium Hickory Smoked Bacon ', ' 12 Oz')",True, 12 Oz,Jimmy Dean Premium Hickory Smoked Bacon 
2630,Your Price $3.50 each,Ball Park Beef Hot Dogs Original Length - 8 Count,($0.23 / Ounce),meat-seafood,"('Ball Park Beef Hot Dogs Original Length ', ' 8 Count')",True, 8 Count,Ball Park Beef Hot Dogs Original Length 
2631,Your Price $7.99 each,Signature SELECT Bacon Thick Cut Hickory Smoked - 24 Oz,($0.33 / Ounce),meat-seafood,"('Signature SELECT Bacon Thick Cut Hickory Smoked ', ' 24 Oz')",True, 24 Oz,Signature SELECT Bacon Thick Cut Hickory Smoked 
2632,Your Price $5.19 each,Johnsonville Original Recipe Breakfast Sausage - 12 Oz.,($0.43 / Ounce),meat-seafood,"('Johnsonville Original Recipe Breakfast Sausage ', ' 12 Oz.')",True, 12 Oz.,Johnsonville Original Recipe Breakfast Sausage 
2633,Your Price $8.99 each,Oscar Mayer Center Cut Thick Sliced Bacon Slices - 12 Oz,($0.75 / Ounce),meat-seafood,"('Oscar Mayer Center Cut Thick Sliced Bacon Slices ', ' 12 Oz')",True, 12 Oz,Oscar Mayer Center Cut Thick Sliced Bacon Slices 
2634,Your Price $9.99 each,Signature Select Franks Uncured Beef Jumbo - 32 Oz,($0.31 / Ounce),meat-seafood,"('Signature Select Franks Uncured Beef Jumbo ', ' 32 Oz')",True, 32 Oz,Signature Select Franks Uncured Beef Jumbo 
2635,Your Price $5.99 each,Jimmy Dean Premium Pork Hot Sausage Roll - 16 Oz,($0.37 / Ounce),meat-seafood,"('Jimmy Dean Premium Pork Hot Sausage Roll ', ' 16 Oz')",True, 16 Oz,Jimmy Dean Premium Pork Hot Sausage Roll 
2636,Your Price $5.99 each,Hormel Black Label Thick Sliced Bacon - 16 Oz.,($0.37 / Ounce),meat-seafood,"('Hormel Black Label Thick Sliced Bacon ', ' 16 Oz.')",True, 16 Oz.,Hormel Black Label Thick Sliced Bacon 
2637,Your Price $6.99 each,Signature Farms Hickory Smoked Sliced Bacon - 16 Oz.,($0.44 / Ounce),meat-seafood,"('Signature Farms Hickory Smoked Sliced Bacon ', ' 16 Oz.')",True, 16 Oz.,Signature Farms Hickory Smoked Sliced Bacon 
2638,Your Price $6.99 each,Hebrew National Bun Length Beef Franks Hot Dogs - 6 Count,($0.58 / Ounce),meat-seafood,"('Hebrew National Bun Length Beef Franks Hot Dogs ', ' 6 Count')",True, 6 Count,Hebrew National Bun Length Beef Franks Hot Dogs 
2639,Your Price $6.49 each,Nathan's Famous Jumbo Restaurant Style Beef Hot Dogs - 12 Oz,($0.54 / Ounce),meat-seafood,"(""Nathan's Famous Jumbo Restaurant Style Beef Hot Dogs "", ' 12 Oz')",True, 12 Oz,Nathan's Famous Jumbo Restaurant Style Beef Hot Dogs 
2640,Your Price $8.99 each,Land O Frost Sub Kit Black Forest Ham And Turkey - 20 Oz,($0.45 / Ounce),meat-seafood,"('Land O Frost Sub Kit Black Forest Ham And Turkey ', ' 20 Oz')",True, 20 Oz,Land O Frost Sub Kit Black Forest Ham And Turkey 
2641,Your Price $5.79 each,Hormel Natural Choice Oven Roasted Deli Turkey - 8 Oz.,($0.72 / Ounce),meat-seafood,"('Hormel Natural Choice Oven Roasted Deli Turkey ', ' 8 Oz.')",True, 8 Oz.,Hormel Natural Choice Oven Roasted Deli Turkey 
2642,Your Price $9.99 each,Hormel Natural Choice Honey Ham Family Pack - 14 Oz,($0.71 / Ounce),meat-seafood,"('Hormel Natural Choice Honey Ham Family Pack ', ' 14 Oz')",True, 14 Oz,Hormel Natural Choice Honey Ham Family Pack 
2643,Your Price $5.99 each,Hillshire Farm Ultra Thin Oven Roasted Turkey Breast - 9 Oz,($0.67 / Ounce),meat-seafood,"('Hillshire Farm Ultra Thin Oven Roasted Turkey Breast ', ' 9 Oz')",True, 9 Oz,Hillshire Farm Ultra Thin Oven Roasted Turkey Breast 
2644,Your Price $5.79 each,Hormel Natural Choice Ham Deli Honey Sliced - 8 Oz,($0.72 / Ounce),meat-seafood,"('Hormel Natural Choice Ham Deli Honey Sliced ', ' 8 Oz')",True, 8 Oz,Hormel Natural Choice Ham Deli Honey Sliced 
2645,Your Price $5.79 each,Hormel Natural Choice Ham Smoked - 8 Oz,($0.72 / Ounce),meat-seafood,"('Hormel Natural Choice Ham Smoked ', ' 8 Oz')",True, 8 Oz,Hormel Natural Choice Ham Smoked 
2646,Your Price $5.99 each,Hillshire Farm Ultra Thin Sliced Lunchmeat Honey Ham - 9 Oz,($0.67 / Ounce),meat-seafood,"('Hillshire Farm Ultra Thin Sliced Lunchmeat Honey Ham ', ' 9 Oz')",True, 9 Oz,Hillshire Farm Ultra Thin Sliced Lunchmeat Honey Ham 
2647,Your Price $2.50 each,Signature SELECT Uncured Ham And Cheddar Lunch Kit - 3 Oz,($0.83 / Ounce),meat-seafood,"('Signature SELECT Uncured Ham And Cheddar Lunch Kit ', ' 3 Oz')",True, 3 Oz,Signature SELECT Uncured Ham And Cheddar Lunch Kit 
2648,Your Price $5.79 each,Hormel Natural Choice Salami Hard Uncured - 6 Oz,($0.97 / Ounce),meat-seafood,"('Hormel Natural Choice Salami Hard Uncured ', ' 6 Oz')",True, 6 Oz,Hormel Natural Choice Salami Hard Uncured 
2649,Your Price $4.99 each,Land O Frost Premium Ham Honey Lean - 16 Oz,($0.31 / Ounce),meat-seafood,"('Land O Frost Premium Ham Honey Lean ', ' 16 Oz')",True, 16 Oz,Land O Frost Premium Ham Honey Lean 
2650,Your Price $5.99 each,Hillshire Farm Ultra Thin Sliced Lunchmeat Roast Beef - 7 Oz,($0.86 / Ounce),meat-seafood,"('Hillshire Farm Ultra Thin Sliced Lunchmeat Roast Beef ', ' 7 Oz')",True, 7 Oz,Hillshire Farm Ultra Thin Sliced Lunchmeat Roast Beef 
2651,Your Price $6.99 each,Buddig Honey Ham Mega Pack - 22 Oz,($0.32 / Ounce),meat-seafood,"('Buddig Honey Ham Mega Pack ', ' 22 Oz')",True, 22 Oz,Buddig Honey Ham Mega Pack 
2652,Your Price $5.99 each,Signature SELECT Turkey Breast Oven Roasted - 16 Oz.,($0.37 / Ounce),meat-seafood,"('Signature SELECT Turkey Breast Oven Roasted ', ' 16 Oz.')",True, 16 Oz.,Signature SELECT Turkey Breast Oven Roasted 
2653,Your Price $4.69 each,Signature Select Ham Cooked Water Added 95% Fat Free - 14 Oz,($0.34 / Ounce),meat-seafood,"('Signature Select Ham Cooked Water Added 95% Fat Free ', ' 14 Oz')",True, 14 Oz,Signature Select Ham Cooked Water Added 95% Fat Free 
2654,Your Price $5.99 each,Hillshire Farm Ultra Thin Sliced Lunchmeat Pastrami - 7 Oz,($0.86 / Ounce),meat-seafood,"('Hillshire Farm Ultra Thin Sliced Lunchmeat Pastrami ', ' 7 Oz')",True, 7 Oz,Hillshire Farm Ultra Thin Sliced Lunchmeat Pastrami 
2655,Your Price $3.79 each,Hillshire Farm Italian Dry Salame Bistro Bites - 2.8 Oz.,($1.35 / Ounce),meat-seafood,"('Hillshire Farm Italian Dry Salame Bistro Bites ', ' 2.8 Oz.')",True, 2.8 Oz.,Hillshire Farm Italian Dry Salame Bistro Bites 
2656,Your Price $4.99 each,Signature SELECT Salami Peppered - EA,($0.62 / Ounce),meat-seafood,"('Signature SELECT Salami Peppered ', ' EA')",True, EA,Signature SELECT Salami Peppered 
2657,Your Price $6.99 each,Buddig Smoked Turkey Mega Pack - 22 Oz,($0.32 / Ounce),meat-seafood,"('Buddig Smoked Turkey Mega Pack ', ' 22 Oz')",True, 22 Oz,Buddig Smoked Turkey Mega Pack 
2658,Your Price $5.45 each,Signature Farms Bone In Chicken Thighs Value Pack - 5.50 Lb,($0.99 / Lb),meat-seafood,"('Signature Farms Bone In Chicken Thighs Value Pack ', ' 5.50 Lb')",True, 5.50 Lb,Signature Farms Bone In Chicken Thighs Value Pack 
2659,Your Price $10.47 each,Chicken Breast Boneless Skinless - 3 Lb,($3.49 / Lb),meat-seafood,"('Chicken Breast Boneless Skinless ', ' 3 Lb')",True, 3 Lb,Chicken Breast Boneless Skinless 
2660,Your Price $14.95 each,Signature Farms Chicken Breast Split Value Pack - 5.00 Lb,($2.99 / Lb),meat-seafood,"('Signature Farms Chicken Breast Split Value Pack ', ' 5.00 Lb')",True, 5.00 Lb,Signature Farms Chicken Breast Split Value Pack 
2661,Your Price $13.97 each,Signature Farms Chicken Wings Value Pack - 3.5 Lbs.,($3.99 / Lb),meat-seafood,"('Signature Farms Chicken Wings Value Pack ', ' 3.5 Lbs.')",True, 3.5 Lbs.,Signature Farms Chicken Wings Value Pack 
2662,Your Price $8.98 each,Chicken Breast Boneless Skinless Hand Trimmed - 2 Lb,($4.49 / Lb),meat-seafood,"('Chicken Breast Boneless Skinless Hand Trimmed ', ' 2 Lb')",True, 2 Lb,Chicken Breast Boneless Skinless Hand Trimmed 
2663,Your Price $10.47 each,Chicken Thighs Boneless Skinless Value Pack - 3 Lb,($3.49 / Lb),meat-seafood,"('Chicken Thighs Boneless Skinless Value Pack ', ' 3 Lb')",True, 3 Lb,Chicken Thighs Boneless Skinless Value Pack 
2664,Your Price $11.24 each,PERDUE Fresh Boneless Skinless Chicken Breasts - 1.50 Lb,($7.49 / Lb),meat-seafood,"('PERDUE Fresh Boneless Skinless Chicken Breasts ', ' 1.50 Lb')",True, 1.50 Lb,PERDUE Fresh Boneless Skinless Chicken Breasts 
2665,Your Price $4.95 each,Signature Farms Chicken Drumsticks Value Pack - 5.00 LB,($0.99 / Lb),meat-seafood,"('Signature Farms Chicken Drumsticks Value Pack ', ' 5.00 LB')",True, 5.00 LB,Signature Farms Chicken Drumsticks Value Pack 
2666,Your Price $14.49 each,Tyson Chicken Breast Boneless Skinless - 40 Oz,($5.80 / Lb),meat-seafood,"('Tyson Chicken Breast Boneless Skinless ', ' 40 Oz')",True, 40 Oz,Tyson Chicken Breast Boneless Skinless 
2667,Your Price $8.20 each,Signature Farms Chicken Bag Fryer - 5.50 LB,($1.49 / Lb),meat-seafood,"('Signature Farms Chicken Bag Fryer ', ' 5.50 LB')",True, 5.50 LB,Signature Farms Chicken Bag Fryer 
2668,Your Price $6.49 each,Jennie-O 93% Lean Ground Turkey Fresh - 16 Oz,($0.41 / Ounce),meat-seafood,"('Jennie O 93% Lean Ground Turkey Fresh', '16 Oz')",True,16 Oz,Jennie O 93% Lean Ground Turkey Fresh
2669,Your Price $9.98 each,Meat Counter Chicken Drumsticks Seasoned - 2.00 LB,($4.99 / Lb),meat-seafood,"('Meat Counter Chicken Drumsticks Seasoned ', ' 2.00 LB')",True, 2.00 LB,Meat Counter Chicken Drumsticks Seasoned 
2670,Your Price $7.99 each,Jennie-O 99% Lean Ground Turkey Breast Fresh - 16 Oz,($0.50 / Ounce),meat-seafood,"('Jennie O 99% Lean Ground Turkey Breast Fresh', '16 Oz')",True,16 Oz,Jennie O 99% Lean Ground Turkey Breast Fresh
2671,Your Price $10.99 each,Jennie-O 85% Lean Ground Turkey Tray Fresh - 3 Lb,($0.23 / Ounce),meat-seafood,"('Jennie O 85% Lean Ground Turkey Tray Fresh', '3 Lb')",True,3 Lb,Jennie O 85% Lean Ground Turkey Tray Fresh
2672,Your Price $8.96 each,Signature Farms Chicken Leg Quarters Value Pack - 4.50 LB,($1.99 / Lb),meat-seafood,"('Signature Farms Chicken Leg Quarters Value Pack ', ' 4.50 LB')",True, 4.50 LB,Signature Farms Chicken Leg Quarters Value Pack 
2673,Your Price $5.49  / eaeach,Chicken Breast Boneless Skinless Thin Sliced - 1 Lb,($5.49 / Lb),meat-seafood,"('Chicken Breast Boneless Skinless Thin Sliced ', ' 1 Lb')",True, 1 Lb,Chicken Breast Boneless Skinless Thin Sliced 
2674,Your Price $16.14 each,PERDUE OVEN STUFFER Whole Chicken - 6 LB,($2.69 / Lb),meat-seafood,"('PERDUE OVEN STUFFER Whole Chicken ', ' 6 LB')",True, 6 LB,PERDUE OVEN STUFFER Whole Chicken 
2675,Your Price $7.99 each,Tyson Chicken Wings Individually Fast Frozen - 2.50 LB,($0.20 / Ounce),meat-seafood,"('Tyson Chicken Wings Individually Fast Frozen ', ' 2.50 LB')",True, 2.50 LB,Tyson Chicken Wings Individually Fast Frozen 
2676,Your Price $19.98 each,Meat Counter Chicken Wings Seasoned - 2.50 LB,($7.99 / Lb),meat-seafood,"('Meat Counter Chicken Wings Seasoned ', ' 2.50 LB')",True, 2.50 LB,Meat Counter Chicken Wings Seasoned 
2677,Your Price $17.48 each,Meat Counter Chicken Breast Split Seasoned - 2.50 LB,($6.99 / Lb),meat-seafood,"('Meat Counter Chicken Breast Split Seasoned ', ' 2.50 LB')",True, 2.50 LB,Meat Counter Chicken Breast Split Seasoned 
2678,Your Price $7.98 each,Meat Service Counter Chicken Leg Quarters Seasoned - 2.00 LB,($3.99 / Lb),meat-seafood,"('Meat Service Counter Chicken Leg Quarters Seasoned ', ' 2.00 LB')",True, 2.00 LB,Meat Service Counter Chicken Leg Quarters Seasoned 
2679,Your Price $4.49 each,Signature Farms 93% Lean Ground Turkey Fresh - 16 Oz,($0.28 / Ounce),meat-seafood,"('Signature Farms 93% Lean Ground Turkey Fresh ', ' 16 Oz')",True, 16 Oz,Signature Farms 93% Lean Ground Turkey Fresh 
2680,Your Price $11.07 each,PERDUE Fresh Chicken Thighs - 3.00 Lb,($3.69 / Lb),meat-seafood,"('PERDUE Fresh Chicken Thighs ', ' 3.00 Lb')",True, 3.00 Lb,PERDUE Fresh Chicken Thighs 
2681,Your Price $4.99 each,Jennie-O 90% Lean Turkey Ground Chub Fresh - 16 Oz,($0.31 / Ounce),meat-seafood,"('Jennie O 90% Lean Turkey Ground Chub Fresh', '16 Oz')",True,16 Oz,Jennie O 90% Lean Turkey Ground Chub Fresh
2682,Your Price $11.96 each,Butterball Turkey Breast Frozen - 4.00 Lb,($2.99 / Lb),meat-seafood,"('Butterball Turkey Breast Frozen ', ' 4.00 Lb')",True, 4.00 Lb,Butterball Turkey Breast Frozen 
2683,Your Price $23.66 each,Meat Counter Pork Roast Shoulder Blade Whole - 9.50 LB,($2.49 / Lb),meat-seafood,"('Meat Counter Pork Roast Shoulder Blade Whole ', ' 9.50 LB')",True, 9.50 LB,Meat Counter Pork Roast Shoulder Blade Whole 
2684,Your Price $10.49 each,Pork Top Loin Chops Boneless America's Cut - 1.50 Lb,($6.99 / Lb),meat-seafood,"(""Pork Top Loin Chops Boneless America's Cut "", ' 1.50 Lb')",True, 1.50 Lb,Pork Top Loin Chops Boneless America's Cut 
2685,Your Price $20.97 each,Meat Counter Pork Loin Back Ribs Prev Frozen - 3 LB,($6.99 / Lb),meat-seafood,"('Meat Counter Pork Loin Back Ribs Prev Frozen ', ' 3 LB')",True, 3 LB,Meat Counter Pork Loin Back Ribs Prev Frozen 
2686,Your Price $10.49 each,Pork Tenderloin Whole Boneless - 1.50 Lb,($6.99 / Lb),meat-seafood,"('Pork Tenderloin Whole Boneless ', ' 1.50 Lb')",True, 1.50 Lb,Pork Tenderloin Whole Boneless 
2687,Your Price $15.96 each,Meat Counter Pork Loin Boneless Whole - 4.00 Lb,($3.99 / Lb),meat-seafood,"('Meat Counter Pork Loin Boneless Whole ', ' 4.00 Lb')",True, 4.00 Lb,Meat Counter Pork Loin Boneless Whole 
2688,Your Price $17.47 each,Pork Spareribs St Louis Style Previously Frozen - 3.50 Lb,($4.99 / Lb),meat-seafood,"('Pork Spareribs St Louis Style Previously Frozen ', ' 3.50 Lb')",True, 3.50 Lb,Pork Spareribs St Louis Style Previously Frozen 
2689,Your Price $23.92 each,Cooks Ham Butt Portions - 8 Lb,($2.99 / Lb),meat-seafood,"('Cooks Ham Butt Portions ', ' 8 Lb')",True, 8 Lb,Cooks Ham Butt Portions 
2690,Your Price $10.47 each,Meat Counter Pork Steak Shoulder Blade Value Pack - 3.50 Lb,($2.99 / Lb),meat-seafood,"('Meat Counter Pork Steak Shoulder Blade Value Pack ', ' 3.50 Lb')",True, 3.50 Lb,Meat Counter Pork Steak Shoulder Blade Value Pack 
2691,Your Price $16.23 each,Meat Counter Pork Roast Loin Top Loin Boneless - 2.50 Lb,($6.49 / Lb),meat-seafood,"('Meat Counter Pork Roast Loin Top Loin Boneless ', ' 2.50 Lb')",True, 2.50 Lb,Meat Counter Pork Roast Loin Top Loin Boneless 
2692,Your Price $12.22 each,Pork Loin Chop Assorted - 3.50 Lbs.,($3.49 / Lb),meat-seafood,"('Pork Loin Chop Assorted ', ' 3.50 Lbs.')",True, 3.50 Lbs.,Pork Loin Chop Assorted 
2693,Your Price $27.90 each,Cooks Ham Shank Portions - 10 Lb,($2.79 / Lb),meat-seafood,"('Cooks Ham Shank Portions ', ' 10 Lb')",True, 10 Lb,Cooks Ham Shank Portions 
2694,Your Price $16.47 each,Meat Counter Pork Loin Rib Chops Bone In Value Pack - 3 LB,($5.49 / Lb),meat-seafood,"('Meat Counter Pork Loin Rib Chops Bone In Value Pack ', ' 3 LB')",True, 3 LB,Meat Counter Pork Loin Rib Chops Bone In Value Pack 
2695,Your Price $8.99 each,Pork Loin Chops Bone In - 1.50 Lb,($5.99 / Lb),meat-seafood,"('Pork Loin Chops Bone In ', ' 1.50 Lb')",True, 1.50 Lb,Pork Loin Chops Bone In 
2696,Your Price $11.21 each,Meat Service Counter Pork Shoulder Blade Roast - 4.50 Lb,($2.49 / Lb),meat-seafood,"('Meat Service Counter Pork Shoulder Blade Roast ', ' 4.50 Lb')",True, 4.50 Lb,Meat Service Counter Pork Shoulder Blade Roast 
2697,Your Price $8.99 each,Meat Counter Pork Loin Rib Chops Bone In - 1.50 LB,($5.99 / Lb),meat-seafood,"('Meat Counter Pork Loin Rib Chops Bone In ', ' 1.50 LB')",True, 1.50 LB,Meat Counter Pork Loin Rib Chops Bone In 
2698,Your Price $7.49 each,Meat Counter Pork Ribs Loin Country Style Boneless - 1.50 Lb,($4.99 / Lb),meat-seafood,"('Meat Counter Pork Ribs Loin Country Style Boneless ', ' 1.50 Lb')",True, 1.50 Lb,Meat Counter Pork Ribs Loin Country Style Boneless 
2699,Your Price $8.99 each,Cooks Ham Steaks Smoked Water Added - 1.50 Lb,($5.99 / Lb),meat-seafood,"('Cooks Ham Steaks Smoked Water Added ', ' 1.50 Lb')",True, 1.50 Lb,Cooks Ham Steaks Smoked Water Added 
2700,Your Price $18.71 each,Meat Counter Pork Loin Roast Center Cut Bone In - 3.75 LB,($4.99 / Lb),meat-seafood,"('Meat Counter Pork Loin Roast Center Cut Bone In ', ' 3.75 LB')",True, 3.75 LB,Meat Counter Pork Loin Roast Center Cut Bone In 
2701,Your Price $6.99 each,Smithfield Pork Loin Filet Garlic & Herb - 27.2 Oz,($4.11 / Pound),meat-seafood,"('Smithfield Pork Loin Filet Garlic & Herb ', ' 27.2 Oz')",True, 27.2 Oz,Smithfield Pork Loin Filet Garlic & Herb 
2702,Your Price $13.47 each,Meat Counter Pork Loin Country Style Ribs Value Pack - 3 LB,($4.49 / Lb),meat-seafood,"('Meat Counter Pork Loin Country Style Ribs Value Pack ', ' 3 LB')",True, 3 LB,Meat Counter Pork Loin Country Style Ribs Value Pack 
2703,Your Price $41.69 each,Cooks Ham Spiral Sliced Hickory Half - 11 Lb,($3.79 / Lb),meat-seafood,"('Cooks Ham Spiral Sliced Hickory Half ', ' 11 Lb')",True, 11 Lb,Cooks Ham Spiral Sliced Hickory Half 
2704,Your Price $11.98 each,Smithfield Ham Quarter Boneless Sliced - 2 Lb,($5.99 / Lb),meat-seafood,"('Smithfield Ham Quarter Boneless Sliced ', ' 2 Lb')",True, 2 Lb,Smithfield Ham Quarter Boneless Sliced 
2705,Your Price $20.72 each,Ham Shank Smoked Portions - 8 Lb,($2.59 / Lb),meat-seafood,"('Ham Shank Smoked Portions ', ' 8 Lb')",True, 8 Lb,Ham Shank Smoked Portions 
2706,Your Price $6.99 each,Smithfield Pork Loin Fillet Applewood Smoked Bacon - 27.2 Oz,($4.86 / Pound),meat-seafood,"('Smithfield Pork Loin Fillet Applewood Smoked Bacon ', ' 27.2 Oz')",True, 27.2 Oz,Smithfield Pork Loin Fillet Applewood Smoked Bacon 
2707,Your Price $6.99 each,Smithfield Slow Smoked Mesquite Pork Loin Filet - 27.2 Oz,($4.11 / Pound),meat-seafood,"('Smithfield Slow Smoked Mesquite Pork Loin Filet ', ' 27.2 Oz')",True, 27.2 Oz,Smithfield Slow Smoked Mesquite Pork Loin Filet 
2708,Your Price $5.99  /  eaeach,Meat Counter Pork Chops Seasoned Thin Cut Bone In - 0.75 LB,($7.99 / Lb),meat-seafood,"('Meat Counter Pork Chops Seasoned Thin Cut Bone In ', ' 0.75 LB')",True, 0.75 LB,Meat Counter Pork Chops Seasoned Thin Cut Bone In 
2709,Your Price $11.24 each,Pork Top Loin Thin Chops Boneless - 1.50 Lb,($7.49 / Lb),meat-seafood,"('Pork Top Loin Thin Chops Boneless ', ' 1.50 Lb')",True, 1.50 Lb,Pork Top Loin Thin Chops Boneless 
2710,Your Price $6.58 each,Meat Counter Pork Hocks Smoked - 2.00 Lb,($3.29 / Lb),meat-seafood,"('Meat Counter Pork Hocks Smoked ', ' 2.00 Lb')",True, 2.00 Lb,Meat Counter Pork Hocks Smoked 
2711,Your Price $10.99 each,Open Nature Lamb Loin Chops - 1.00 LB,($10.99 / Lb),meat-seafood,"('Open Nature Lamb Loin Chops ', ' 1.00 LB')",True, 1.00 LB,Open Nature Lamb Loin Chops 
2712,Your Price $19.98 each,Open Nature Lamb Loin Chops Value Pack - 2.00 LB,($9.99 / Lb),meat-seafood,"('Open Nature Lamb Loin Chops Value Pack ', ' 2.00 LB')",True, 2.00 LB,Open Nature Lamb Loin Chops Value Pack 
2713,Your Price $11.99 each,Open Nature Lamb Shanks - 1.50 LB,($7.99 / Lb),meat-seafood,"('Open Nature Lamb Shanks ', ' 1.50 LB')",True, 1.50 LB,Open Nature Lamb Shanks 
2714,Your Price $35.98 each,Open Nature Lamb Rib Roast Frenched - 2.00 LB,($17.99 / Lb),meat-seafood,"('Open Nature Lamb Rib Roast Frenched ', ' 2.00 LB')",True, 2.00 LB,Open Nature Lamb Rib Roast Frenched 
2715,Your Price $6.99 each,Open Nature Lamb Shoulder Blade Chops - 1.00 LB,($6.99 / Lb),meat-seafood,"('Open Nature Lamb Shoulder Blade Chops ', ' 1.00 LB')",True, 1.00 LB,Open Nature Lamb Shoulder Blade Chops 
2716,Your Price $6.99 each,Open Nature Lamb Shoulder Arm Chops - 1.00 LB,($6.99 / Lb),meat-seafood,"('Open Nature Lamb Shoulder Arm Chops ', ' 1.00 LB')",True, 1.00 LB,Open Nature Lamb Shoulder Arm Chops 
2717,Your Price $9.50  /  eaeach,Open Nature Lamb Rib Chops - 0.50 LB,($18.99 / Lb),meat-seafood,"('Open Nature Lamb Rib Chops ', ' 0.50 LB')",True, 0.50 LB,Open Nature Lamb Rib Chops 
2718,Your Price $20.97 each,Open Nature Lamb Shoulder Chops Assorted - 3 LB,($6.99 / Lb),meat-seafood,"('Open Nature Lamb Shoulder Chops Assorted ', ' 3 LB')",True, 3 LB,Open Nature Lamb Shoulder Chops Assorted 
2719,Your Price $98.91 each,Meat Counter Lamb Leg Bone In Whole - 9.00 LB,($10.99 / Lb),meat-seafood,"('Meat Counter Lamb Leg Bone In Whole ', ' 9.00 LB')",True, 9.00 LB,Meat Counter Lamb Leg Bone In Whole 
2720,Your Price $13.49 each,Open Nature Lamb Bones - 1.50 LB,($8.99 / Lb),meat-seafood,"('Open Nature Lamb Bones ', ' 1.50 LB')",True, 1.50 LB,Open Nature Lamb Bones 
2721,Your Price $18.99  / eaeach,Meat Service Counter Open Nature Lamb Rib Chops - 1 LB,($18.99 / Lb),meat-seafood,"('Meat Service Counter Open Nature Lamb Rib Chops ', ' 1 LB')",True, 1 LB,Meat Service Counter Open Nature Lamb Rib Chops 
2722,Your Price $16.49 each,Meat Counter Lamb Loin Chops - 1.50 LB,($10.99 / Lb),meat-seafood,"('Meat Counter Lamb Loin Chops ', ' 1.50 LB')",True, 1.50 LB,Meat Counter Lamb Loin Chops 
2723,Your Price $9.49  / eaeach,Open Nature Lamb Leg Center Slice - 1 LB,($9.49 / Lb),meat-seafood,"('Open Nature Lamb Leg Center Slice ', ' 1 LB')",True, 1 LB,Open Nature Lamb Leg Center Slice 
2724,Your Price $10.49  / eaeach,Meat Counter Lamb For Stew - 0.50 LB,($10.49 / Lb),meat-seafood,"('Meat Counter Lamb For Stew ', ' 0.50 LB')",True, 0.50 LB,Meat Counter Lamb For Stew 
2725,Your Price $21.98 each,Open Nature Lamb Leg Sirloin Half - 2 LB,($10.99 / Lb),meat-seafood,"('Open Nature Lamb Leg Sirloin Half ', ' 2 LB')",True, 2 LB,Open Nature Lamb Leg Sirloin Half 
2726,Your Price $13.98 each,Open Nature Lamb Shoulder Blade Roast Imported - 2 LB,($6.99 / Lb),meat-seafood,"('Open Nature Lamb Shoulder Blade Roast Imported ', ' 2 LB')",True, 2 LB,Open Nature Lamb Shoulder Blade Roast Imported 
2727,Your Price $6.99  / eaeach,Meat Counter Lamb Shoulder Blade Chops - 1.00 LB,($6.99 / Lb),meat-seafood,"('Meat Counter Lamb Shoulder Blade Chops ', ' 1.00 LB')",True, 1.00 LB,Meat Counter Lamb Shoulder Blade Chops 
2728,Your Price $98.91 each,Meat Service Counter Open Nature Lamb Leg Whole - 4 LB,($10.99 / Lb),meat-seafood,"('Meat Service Counter Open Nature Lamb Leg Whole ', ' 4 LB')",True, 4 LB,Meat Service Counter Open Nature Lamb Leg Whole 
2729,Your Price $3.50 each,Meat Counter Lamb Shoulder Arm Chops - 0.50 LB,($6.99 / Lb),meat-seafood,"('Meat Counter Lamb Shoulder Arm Chops ', ' 0.50 LB')",True, 0.50 LB,Meat Counter Lamb Shoulder Arm Chops 
2730,Your Price $10.49  / eaeach,Meat Counter Lamb Leg Center Slice Bone In - 1 LB,($10.49 / Lb),meat-seafood,"('Meat Counter Lamb Leg Center Slice Bone In ', ' 1 LB')",True, 1 LB,Meat Counter Lamb Leg Center Slice Bone In 
2731,Your Price $7.87  /  eaeach,Meat Counter Lamb Loin Chop Seasoned - 0.75 LB,($10.49 / Lb),meat-seafood,"('Meat Counter Lamb Loin Chop Seasoned ', ' 0.75 LB')",True, 0.75 LB,Meat Counter Lamb Loin Chop Seasoned 
2732,Your Price $32.99 each,Tito's Handmade Vodka - 1.75 Liter,($0.57 / Fl.oz),wine-beer-spirits,"(""Tito's Handmade Vodka "", ' 1.75 Liter')",True, 1.75 Liter,Tito's Handmade Vodka 
2733,Your Price $21.99 each,Cazadores Reposado Tequila - 750 Ml,($0.87 / Fl.oz),wine-beer-spirits,"('Cazadores Reposado Tequila ', ' 750 Ml')",True, 750 Ml,Cazadores Reposado Tequila 
2734,Your Price $9.99 each,VITALI Vodka Premium 80 Proof - 1.75 Liter,($0.17 / Fl.oz),wine-beer-spirits,"('VITALI Vodka Premium 80 Proof ', ' 1.75 Liter')",True, 1.75 Liter,VITALI Vodka Premium 80 Proof 
2735,Your Price $39.99 each,Cazadores Reposado Tequila - 1.75 Liter,($0.69 / Fl.oz),wine-beer-spirits,"('Cazadores Reposado Tequila ', ' 1.75 Liter')",True, 1.75 Liter,Cazadores Reposado Tequila 
2736,Your Price $18.99 each,Smirnoff No. 21 Award Winning Vodka Bottle - 1.75 Liter,($0.33 / Fl.oz),wine-beer-spirits,"('Smirnoff No. 21 Award Winning Vodka Bottle ', ' 1.75 Liter')",True, 1.75 Liter,Smirnoff No. 21 Award Winning Vodka Bottle 
2737,Your Price $39.99 each,Cazadores Blanco Tequila - 1.75 Liter,($0.69 / Fl.oz),wine-beer-spirits,"('Cazadores Blanco Tequila ', ' 1.75 Liter')",True, 1.75 Liter,Cazadores Blanco Tequila 
2738,Your Price $34.99 each,Ketel One Vodka - 1.75 Liter,($0.60 / Fl.oz),wine-beer-spirits,"('Ketel One Vodka ', ' 1.75 Liter')",True, 1.75 Liter,Ketel One Vodka 
2739,Your Price $56.99 each,Patron Reposado Tequila - 750 Ml,($2.25 / Fl.oz),wine-beer-spirits,"('Patron Reposado Tequila ', ' 750 Ml')",True, 750 Ml,Patron Reposado Tequila 
2740,Your Price $25.99 each,Grey Goose Vodka - 750 Ml,($1.02 / Fl.oz),wine-beer-spirits,"('Grey Goose Vodka ', ' 750 Ml')",True, 750 Ml,Grey Goose Vodka 
2741,Your Price $29.99 each,Cazadores Anejo Tequila - 750 Ml,($1.18 / Fl.oz),wine-beer-spirits,"('Cazadores Anejo Tequila ', ' 750 Ml')",True, 750 Ml,Cazadores Anejo Tequila 
2742,Your Price $24.99 each,Baileys Original Irish Cream Liqueur - 750 Ml,($0.99 / Fl.oz),wine-beer-spirits,"('Baileys Original Irish Cream Liqueur ', ' 750 Ml')",True, 750 Ml,Baileys Original Irish Cream Liqueur 
2743,Your Price $24.99 each,Jameson Whiskey Irish Triple Distilled 80 Proof - 750 Ml,($0.99 / Fl.oz),wine-beer-spirits,"('Jameson Whiskey Irish Triple Distilled 80 Proof ', ' 750 Ml')",True, 750 Ml,Jameson Whiskey Irish Triple Distilled 80 Proof 
2744,Your Price $26.99 each,STOLICHNAYA Vodka 80 Proof - 1.75 Liter,($0.46 / Fl.oz),wine-beer-spirits,"('STOLICHNAYA Vodka 80 Proof ', ' 1.75 Liter')",True, 1.75 Liter,STOLICHNAYA Vodka 80 Proof 
2745,Your Price $15.99 each,Platinum 7X Vodka 80 Proof - 1.75 Liter,($0.27 / Fl.oz),wine-beer-spirits,"('Platinum 7X Vodka 80 Proof ', ' 1.75 Liter')",True, 1.75 Liter,Platinum 7X Vodka 80 Proof 
2746,Your Price $6.99 each,Stirrings Cocktail Mix Simple Cosmopolitan - 750 Ml,($0.28 / Fl.oz),wine-beer-spirits,"('Stirrings Cocktail Mix Simple Cosmopolitan ', ' 750 Ml')",True, 750 Ml,Stirrings Cocktail Mix Simple Cosmopolitan 
2747,Your Price $24.99 each,Kahlua Coffee Liqueur - 750 Ml,($0.99 / Fl.oz),wine-beer-spirits,"('Kahlua Coffee Liqueur ', ' 750 Ml')",True, 750 Ml,Kahlua Coffee Liqueur 
2748,Your Price $30.99 each,Jose Cuervo Tequila Especial Gold 80 Proof - 1.75 Liter,($0.53 / Fl.oz),wine-beer-spirits,"('Jose Cuervo Tequila Especial Gold 80 Proof ', ' 1.75 Liter')",True, 1.75 Liter,Jose Cuervo Tequila Especial Gold 80 Proof 
2749,Your Price $19.99 each,Bacardi Superior Gluten Free White Rum - 1.75 Liter,($0.34 / Fl.oz),wine-beer-spirits,"('Bacardi Superior Gluten Free White Rum ', ' 1.75 Liter')",True, 1.75 Liter,Bacardi Superior Gluten Free White Rum 
2750,Your Price $21.99 each,SKYY Gluten Free Vodka 80 Proof - 1.75 Ml,($0.38 / Fl.oz),wine-beer-spirits,"('SKYY Gluten Free Vodka 80 Proof ', ' 1.75 Ml')",True, 1.75 Ml,SKYY Gluten Free Vodka 80 Proof 
2751,Your Price $32.99 each,Disaronno Liqueur Originale 56 Proof - 750 Ml,($1.30 / Fl.oz),wine-beer-spirits,"('Disaronno Liqueur Originale 56 Proof ', ' 750 Ml')",True, 750 Ml,Disaronno Liqueur Originale 56 Proof 
2752,Your Price $30.99 each,Bulleit Bourbon Whiskey - 750 Ml,($1.22 / Fl.oz),wine-beer-spirits,"('Bulleit Bourbon Whiskey ', ' 750 Ml')",True, 750 Ml,Bulleit Bourbon Whiskey 
2753,Your Price $15.99 each,TRULY Hard Seltzer Vodka Variety Pack Cans - 8-12 Fl. Oz.,($0.17 / Fl.oz),wine-beer-spirits,"('TRULY Hard Seltzer Vodka Variety Pack Cans  ', '8-12 Fl. Oz.')",True,8-12 Fl. Oz.,TRULY Hard Seltzer Vodka Variety Pack Cans  
2754,Your Price $54.99 each,Patron Silver Tequila - 750 Ml,($2.17 / Fl.oz),wine-beer-spirits,"('Patron Silver Tequila ', ' 750 Ml')",True, 750 Ml,Patron Silver Tequila 
2755,Your Price $18.99 each,RumChata Caribbean Rum - 750 Ml,($0.75 / Fl.oz),wine-beer-spirits,"('RumChata Caribbean Rum ', ' 750 Ml')",True, 750 Ml,RumChata Caribbean Rum 
2756,Your Price $24.99 each,Crown Royal Fine Deluxe Blended Canadian Whisky - 750 Ml,($0.99 / Fl.oz),wine-beer-spirits,"('Crown Royal Fine Deluxe Blended Canadian Whisky ', ' 750 Ml')",True, 750 Ml,Crown Royal Fine Deluxe Blended Canadian Whisky 
2757,Your Price $16.99 each,Jose Cuervo Tequila Especial Silver 80 Proof - 750 Ml,($0.67 / Fl.oz),wine-beer-spirits,"('Jose Cuervo Tequila Especial Silver 80 Proof ', ' 750 Ml')",True, 750 Ml,Jose Cuervo Tequila Especial Silver 80 Proof 
2758,Your Price $21.99 each,Canadian Club Whisky Blended Canadian 80 Proof - 1.75 Liter,($0.38 / Fl.oz),wine-beer-spirits,"('Canadian Club Whisky Blended Canadian 80 Proof ', ' 1.75 Liter')",True, 1.75 Liter,Canadian Club Whisky Blended Canadian 80 Proof 
2759,Your Price $65.99 each,Veuve Clicquot Brut Champagne - 750 Ml.,($2.60 / Fl.oz),wine-beer-spirits,"('Veuve Clicquot Brut Champagne ', ' 750 Ml.')",True, 750 Ml.,Veuve Clicquot Brut Champagne 
2760,Your Price $11.99 each,Martini & Rossi Sparkling Wine Rose - 750 Ml,($0.47 / Fl.oz),wine-beer-spirits,"('Martini & Rossi Sparkling Wine Rose ', ' 750 Ml')",True, 750 Ml,Martini & Rossi Sparkling Wine Rose 
2761,Your Price $11.99 each,Martini & Rossi Sparkling Wine Asti Spumante - 750 Ml,($0.47 / Fl.oz),wine-beer-spirits,"('Martini & Rossi Sparkling Wine Asti Spumante ', ' 750 Ml')",True, 750 Ml,Martini & Rossi Sparkling Wine Asti Spumante 
2762,Your Price $11.99 each,Martini & Rossi Sparkling Wine Prosecco Frizzante - 750 Ml,($0.47 / Fl.oz),wine-beer-spirits,"('Martini & Rossi Sparkling Wine Prosecco Frizzante ', ' 750 Ml')",True, 750 Ml,Martini & Rossi Sparkling Wine Prosecco Frizzante 
2763,Your Price $8.99 each,Mirassou Pinot Noir Red Wine - 750 Ml,($0.35 / Fl.oz),wine-beer-spirits,"('Mirassou Pinot Noir Red Wine ', ' 750 Ml')",True, 750 Ml,Mirassou Pinot Noir Red Wine 
2764,Your Price $17.99 each,Vinafore Alexander Valley Cabernet Sauvignon Wine - 750 ML,($0.71 / Fl.oz),wine-beer-spirits,"('Vinafore Alexander Valley Cabernet Sauvignon Wine ', ' 750 ML')",True, 750 ML,Vinafore Alexander Valley Cabernet Sauvignon Wine 
2765,Your Price $15.99 each,La Marca Prosecco Sparkling Wine - 750 Ml,($0.63 / Fl.oz),wine-beer-spirits,"('La Marca Prosecco Sparkling Wine ', ' 750 Ml')",True, 750 Ml,La Marca Prosecco Sparkling Wine 
2766,Your Price $26.99 each,Lillet Blanc Aperitif - 750 Ml,($1.06 / Fl.oz),wine-beer-spirits,"('Lillet Blanc Aperitif ', ' 750 Ml')",True, 750 Ml,Lillet Blanc Aperitif 
2767,Your Price $17.99 each,Franzia Chardonnay White Wine - 5 Liter,($0.11 / Fl.oz),wine-beer-spirits,"('Franzia Chardonnay White Wine ', ' 5 Liter')",True, 5 Liter,Franzia Chardonnay White Wine 
2768,Your Price $56.99 each,G.H.Mumm Grand Cordon Champagne - 750 Ml,($2.25 / Fl.oz),wine-beer-spirits,"('G.H.Mumm Grand Cordon Champagne ', ' 750 Ml')",True, 750 Ml,G.H.Mumm Grand Cordon Champagne 
2769,Your Price $25.99 each,Justin Wine Paso Robles Cabernet Sauvignon - 750 Ml,($1.02 / Fl.oz),wine-beer-spirits,"('Justin Wine Paso Robles Cabernet Sauvignon ', ' 750 Ml')",True, 750 Ml,Justin Wine Paso Robles Cabernet Sauvignon 
2770,Your Price $14.99 each,Josh Cellars Cabernet Sauvignon Wine - 750  Ml,($0.59 / Fl.oz),wine-beer-spirits,"('Josh Cellars Cabernet Sauvignon Wine ', ' 750  Ml')",True, 750  Ml,Josh Cellars Cabernet Sauvignon Wine 
2771,Your Price $15.99 each,Risata Wine Moscato D Asti Italy - 750 Ml,($0.63 / Fl.oz),wine-beer-spirits,"('Risata Wine Moscato D Asti Italy ', ' 750 Ml')",True, 750 Ml,Risata Wine Moscato D Asti Italy 
2772,Your Price $8.49 each,Gekkeikan Kobai Plum - 750 Ml,($0.33 / Fl.oz),wine-beer-spirits,"('Gekkeikan Kobai Plum ', ' 750 Ml')",True, 750 Ml,Gekkeikan Kobai Plum 
2773,Your Price $9.99 each,Kim Crawford Marlborough Sauvignon Blanc White Wine - 750 Ml,($0.39 / Fl.oz),wine-beer-spirits,"('Kim Crawford Marlborough Sauvignon Blanc White Wine ', ' 750 Ml')",True, 750 Ml,Kim Crawford Marlborough Sauvignon Blanc White Wine 
2774,Your Price $9.49 each,Barefoot Bubbly Brut Cuvee Champagne Sparkling Wine - 750 Ml,($0.37 / Fl.oz),wine-beer-spirits,"('Barefoot Bubbly Brut Cuvee Champagne Sparkling Wine ', ' 750 Ml')",True, 750 Ml,Barefoot Bubbly Brut Cuvee Champagne Sparkling Wine 
2775,Your Price $21.99 each,Mumm Napa Wine Sparkling Brut Prestige Napa Valley - 750 Ml,($0.87 / Fl.oz),wine-beer-spirits,"('Mumm Napa Wine Sparkling Brut Prestige Napa Valley ', ' 750 Ml')",True, 750 Ml,Mumm Napa Wine Sparkling Brut Prestige Napa Valley 
2776,Your Price $25.99 each,Daou Wine Cabernet Sauvignon Paso Robles - 750 Ml,($1.02 / Fl.oz),wine-beer-spirits,"('Daou Wine Cabernet Sauvignon Paso Robles ', ' 750 Ml')",True, 750 Ml,Daou Wine Cabernet Sauvignon Paso Robles 
2777,Your Price $12.99 each,Stella Rosa Moscato White Dessert Italian Wine - 750 Ml,($0.51 / Fl.oz),wine-beer-spirits,"('Stella Rosa Moscato White Dessert Italian Wine ', ' 750 Ml')",True, 750 Ml,Stella Rosa Moscato White Dessert Italian Wine 
2778,Your Price $13.99 each,Mionetto Prosecco DOC Brut Sparkling White Wine - 750 Ml,($0.55 / Fl.oz),wine-beer-spirits,"('Mionetto Prosecco DOC Brut Sparkling White Wine ', ' 750 Ml')",True, 750 Ml,Mionetto Prosecco DOC Brut Sparkling White Wine 
2779,Your Price $19.99 each,Bota Box Sauvignon Blanc White Wine California - 3 Liter,($0.20 / Fl.oz),wine-beer-spirits,"('Bota Box Sauvignon Blanc White Wine California ', ' 3 Liter')",True, 3 Liter,Bota Box Sauvignon Blanc White Wine California 
2780,Your Price $15.99 each,La Marca Prosecco Rose - 750 ML,($0.63 / Fl.oz),wine-beer-spirits,"('La Marca Prosecco Rose ', ' 750 ML')",True, 750 ML,La Marca Prosecco Rose 
2781,Your Price $7.99 each,Dark Horse Cabernet Sauvignon Red Wine - 750 Ml,($0.32 / Fl.oz),wine-beer-spirits,"('Dark Horse Cabernet Sauvignon Red Wine ', ' 750 Ml')",True, 750 Ml,Dark Horse Cabernet Sauvignon Red Wine 
2782,Your Price $9.99 each,Bogle Vineyards Wine Cabernet Sauvignon - 750 Ml,($0.39 / Fl.oz),wine-beer-spirits,"('Bogle Vineyards Wine Cabernet Sauvignon ', ' 750 Ml')",True, 750 Ml,Bogle Vineyards Wine Cabernet Sauvignon 
2783,Your Price $22.99 each,Chandon California Brut in Bottle - 750 Ml,($0.91 / Fl.oz),wine-beer-spirits,"('Chandon California Brut in Bottle ', ' 750 Ml')",True, 750 Ml,Chandon California Brut in Bottle 
2784,Your Price $18.99 each,Erath Pinot Noir Red Wine - 750 Ml,($0.75 / Fl.oz),wine-beer-spirits,"('Erath Pinot Noir Red Wine ', ' 750 Ml')",True, 750 Ml,Erath Pinot Noir Red Wine 
2785,Your Price $10.99 each,Cupcake Vineyards Prosecco White Wine - 750 Ml,($0.43 / Fl.oz),wine-beer-spirits,"('Cupcake Vineyards Prosecco White Wine ', ' 750 Ml')",True, 750 Ml,Cupcake Vineyards Prosecco White Wine 
2786,Your Price $20.99 each,Michelob Ultra Light Beer Cans - 24-12 Fl. Oz.,($0.07 / Fl.oz),wine-beer-spirits,"('Michelob Ultra Light Beer Cans  ', '24-12 Fl. Oz.')",True,24-12 Fl. Oz.,Michelob Ultra Light Beer Cans  
2787,Your Price $17.99 each,Bud Light Beer Cans - 24-12 Fl. Oz.,($0.06 / Fl.oz),wine-beer-spirits,"('Bud Light Beer Cans  ', '24-12 Fl. Oz.')",True,24-12 Fl. Oz.,Bud Light Beer Cans  
2788,Your Price $17.99 each,Michelob Ultra Light Beer Cans - 18-12 Fl. Oz.,($0.08 / Fl.oz),wine-beer-spirits,"('Michelob Ultra Light Beer Cans  ', '18-12 Fl. Oz.')",True,18-12 Fl. Oz.,Michelob Ultra Light Beer Cans  
2789,Your Price $18.99 each,Busch Beer Cans - 30-12 Fl. Oz.,($0.05 / Fl.oz),wine-beer-spirits,"('Busch Beer Cans  ', '30-12 Fl. Oz.')",True,30-12 Fl. Oz.,Busch Beer Cans  
2790,Your Price $18.99 each,Busch Light Beer Cans - 30-12 Fl. Oz.,($0.05 / Fl.oz),wine-beer-spirits,"('Busch Light Beer Cans  ', '30-12 Fl. Oz.')",True,30-12 Fl. Oz.,Busch Light Beer Cans  
2791,Your Price $9.99 each,Breckenridge Brewery Christmas Ale Bottles - 6-12 Fl. Oz.,($0.14 / Fl.oz),wine-beer-spirits,"('Breckenridge Brewery Christmas Ale Bottles  ', '6-12 Fl. Oz.')",True,6-12 Fl. Oz.,Breckenridge Brewery Christmas Ale Bottles  
2792,Your Price $19.99 each,Bud Light Beer Bottles - 24-12 Fl. Oz.,($0.07 / Fl.oz),wine-beer-spirits,"('Bud Light Beer Bottles  ', '24-12 Fl. Oz.')",True,24-12 Fl. Oz.,Bud Light Beer Bottles  
2793,Your Price $20.99 each,Michelob Ultra Light Beer Bottles - 24-12 Fl. Oz.,($0.07 / Fl.oz),wine-beer-spirits,"('Michelob Ultra Light Beer Bottles  ', '24-12 Fl. Oz.')",True,24-12 Fl. Oz.,Michelob Ultra Light Beer Bottles  
2794,Your Price $14.99 each,Heineken 0.0 Non-Alcoholic Beer Cans - 12-11.2 Fl. Oz.,($0.11 / Fl.oz),wine-beer-spirits,"('Heineken 0.0 Non Alcoholic Beer Cans', '12-11.2 Fl. Oz.')",True,12-11.2 Fl. Oz.,Heineken 0.0 Non Alcoholic Beer Cans
2795,Your Price $3.50 each,Foster's Beer Import Pale Lager 5% ABV Can - 25.4 Fl. Oz.,($0.14 / Fl.oz),wine-beer-spirits,"(""Foster's Beer Import Pale Lager 5% ABV Can "", ' 25.4 Fl. Oz.')",True, 25.4 Fl. Oz.,Foster's Beer Import Pale Lager 5% ABV Can 
2796,Your Price $19.99 each,Sierra Nevada Hoppy Sampler Variety Pack Bottles - 12-12 Oz,($0.14 / Fl.oz),wine-beer-spirits,"('Sierra Nevada Hoppy Sampler Variety Pack Bottles  ', '12-12 Oz')",True,12-12 Oz,Sierra Nevada Hoppy Sampler Variety Pack Bottles  
2797,Your Price $12.99 each,Elysian Brewing Company Space Dust IPA Bottle - 12 Fl. Oz.,($0.18 / Fl.oz),wine-beer-spirits,"('Elysian Brewing Company Space Dust IPA Bottle ', ' 12 Fl. Oz.')",True, 12 Fl. Oz.,Elysian Brewing Company Space Dust IPA Bottle 
2798,Your Price $3.29 each,Corona Extra Lager Mexican Beer Bottle 4.6% ABV - 24 Fl. Oz.,($0.14 / Fl.oz),wine-beer-spirits,"('Corona Extra Lager Mexican Beer Bottle 4.6% ABV ', ' 24 Fl. Oz.')",True, 24 Fl. Oz.,Corona Extra Lager Mexican Beer Bottle 4.6% ABV 
2799,Your Price $18.99 each,Angry Orchard Hard Cider Crisp Apple Bottles - 12-12 Fl. Oz.,($0.13 / Fl.oz),wine-beer-spirits,"('Angry Orchard Hard Cider Crisp Apple Bottles  ', '12-12 Fl. Oz.')",True,12-12 Fl. Oz.,Angry Orchard Hard Cider Crisp Apple Bottles  
2800,Your Price $7.99 each,Sprite Zero Sugar Soda Pop Lemon Lime Pack In Cans - 12-12 Fl. Oz.,($0.06 / Fl.oz),beverages,"('Sprite Zero Sugar Soda Pop Lemon Lime Pack In Cans  ', '12-12 Fl. Oz.')",True,12-12 Fl. Oz.,Sprite Zero Sugar Soda Pop Lemon Lime Pack In Cans  
2801,Your Price $7.99 each,Canada Dry Soda Zero Sugar Ginger Ale Pack In Cans - 12-12 Fl. Oz.,($0.06 / Fl.oz),beverages,"('Canada Dry Soda Zero Sugar Ginger Ale Pack In Cans  ', '12-12 Fl. Oz.')",True,12-12 Fl. Oz.,Canada Dry Soda Zero Sugar Ginger Ale Pack In Cans  
2802,Your Price $7.99 each,Tropicana Juice Pure Premium Orange No Pulp Original Chilled - 89 Fl. Oz.,($0.09 / Fl.oz),beverages,"('Tropicana Juice Pure Premium Orange No Pulp Original Chilled ', ' 89 Fl. Oz.')",True, 89 Fl. Oz.,Tropicana Juice Pure Premium Orange No Pulp Original Chilled 
2803,Your Price $4.99 each,V8 V-Fusion +Energy Vegetable & Fruit Juice Black Cherry - 6-8 Fl. Oz.,($0.10 / Fl.oz),beverages,"('V8 V Fusion +Energy Vegetable & Fruit Juice Black Cherry', '6-8 Fl. Oz.')",True,6-8 Fl. Oz.,V8 V Fusion +Energy Vegetable & Fruit Juice Black Cherry
2804,Your Price $4.99 each,Tropicana Orange Juice Pure Premium No Pulp Original Chilled - 52 Fl. Oz.,($0.10 / Fl.oz),beverages,"('Tropicana Orange Juice Pure Premium No Pulp Original Chilled ', ' 52 Fl. Oz.')",True, 52 Fl. Oz.,Tropicana Orange Juice Pure Premium No Pulp Original Chilled 
2805,Your Price $5.99 each,Florida's Natural Orange Juice with Some Pulp Chilled - 89 Fl. Oz.,($0.07 / Fl.oz),beverages,"(""Florida's Natural Orange Juice with Some Pulp Chilled "", ' 89 Fl. Oz.')",True, 89 Fl. Oz.,Florida's Natural Orange Juice with Some Pulp Chilled 
2806,Your Price $4.79 each,Simply Lemonade Juice All Natural With Raspberry - 2.63 Liter,($0.05 / Fl.oz),beverages,"('Simply Lemonade Juice All Natural With Raspberry ', ' 2.63 Liter')",True, 2.63 Liter,Simply Lemonade Juice All Natural With Raspberry 
2807,Your Price $7.99 each,Tropicana Juice Pure Premium Orange No Pulp Calcium + Vitamin D Chilled - 89 Fl. Oz.,($0.09 / Fl.oz),beverages,"('Tropicana Juice Pure Premium Orange No Pulp Calcium + Vitamin D Chilled ', ' 89 Fl. Oz.')",True, 89 Fl. Oz.,Tropicana Juice Pure Premium Orange No Pulp Calcium + Vitamin D Chilled 
2808,Your Price $3.99 each,Florida's Natural Orange Juice No Pulp with Calcium & Vitamin D Chilled - 52 Fl. Oz.,($0.08 / Fl.oz),beverages,"(""Florida's Natural Orange Juice No Pulp with Calcium & Vitamin D Chilled "", ' 52 Fl. Oz.')",True, 52 Fl. Oz.,Florida's Natural Orange Juice No Pulp with Calcium & Vitamin D Chilled 
2809,Your Price $5.99 each,Florida's Natural Orange Juice No Pulp with Calcium Chilled - 89 Fl. Oz.,($0.07 / Fl.oz),beverages,"(""Florida's Natural Orange Juice No Pulp with Calcium Chilled "", ' 89 Fl. Oz.')",True, 89 Fl. Oz.,Florida's Natural Orange Juice No Pulp with Calcium Chilled 
2810,Your Price $3.50 each,Martinellis Cider Sparkling Gold Medal 150 years - 25.4 Fl. Oz.,($0.14 / Fl.oz),beverages,"('Martinellis Cider Sparkling Gold Medal 150 years ', ' 25.4 Fl. Oz.')",True, 25.4 Fl. Oz.,Martinellis Cider Sparkling Gold Medal 150 years 
2811,Your Price $6.49 each,Signature SELECT Juice 100% Pure Orange No Pulp Chilled - 128 Fl. Oz.,($0.05 / Fl.oz),beverages,"('Signature SELECT Juice 100% Pure Orange No Pulp Chilled ', ' 128 Fl. Oz.')",True, 128 Fl. Oz.,Signature SELECT Juice 100% Pure Orange No Pulp Chilled 
2812,Your Price $4.79 each,Simply Orange Juice Pulp Free Calcium & Vitamin D - 52 Fl. Oz.,($0.09 / Fl.oz),beverages,"('Simply Orange Juice Pulp Free Calcium & Vitamin D ', ' 52 Fl. Oz.')",True, 52 Fl. Oz.,Simply Orange Juice Pulp Free Calcium & Vitamin D 
2813,Your Price $6.00 each,Starbucks Holiday Blend 100% Arabica Limited Edition Medium Roast Ground Coffee Bag - 10 Oz,($0.60 / Ounce),beverages,"('Starbucks Holiday Blend 100% Arabica Limited Edition Medium Roast Ground Coffee Bag ', ' 10 Oz')",True, 10 Oz,Starbucks Holiday Blend 100% Arabica Limited Edition Medium Roast Ground Coffee Bag 
2814,Your Price $6.29 each,Kettle Brand Salt & Fresh Ground Pepper Kettle Krinkle Cut Potato Chips - 7.5 Oz,($0.84 / Ounce),beverages,"('Kettle Brand Salt & Fresh Ground Pepper Kettle Krinkle Cut Potato Chips ', ' 7.5 Oz')",True, 7.5 Oz,Kettle Brand Salt & Fresh Ground Pepper Kettle Krinkle Cut Potato Chips 
2815,Your Price $6.00 each,Starbucks 100% Arabica Naturally Flavored Peppermint Mocha Flavored Ground Coffee Bag - 11 Oz,($6.00 / Each),beverages,"('Starbucks 100% Arabica Naturally Flavored Peppermint Mocha Flavored Ground Coffee Bag ', ' 11 Oz')",True, 11 Oz,Starbucks 100% Arabica Naturally Flavored Peppermint Mocha Flavored Ground Coffee Bag 
2816,Your Price $8.99 each,Maxwell House Medium Roast Half Caff Ground Coffee Canister - 25.6 Oz,($0.35 / Ounce),beverages,"('Maxwell House Medium Roast Half Caff Ground Coffee Canister ', ' 25.6 Oz')",True, 25.6 Oz,Maxwell House Medium Roast Half Caff Ground Coffee Canister 
2817,Your Price $26.99 each,Signature SELECT Donut Shop Collection Coffee Pods Arabica Medium Roast - 80-0.42 Oz,($0.34 / Count),beverages,"('Signature SELECT Donut Shop Collection Coffee Pods Arabica Medium Roast  ', '80-0.42 Oz')",True,80-0.42 Oz,Signature SELECT Donut Shop Collection Coffee Pods Arabica Medium Roast  
2818,Your Price $26.99 each,Signature SELECT Coffee Pods Arabica Medium Roast Kona Blend - 80-0.42 Oz,($0.34 / Count),beverages,"('Signature SELECT Coffee Pods Arabica Medium Roast Kona Blend  ', '80-0.42 Oz')",True,80-0.42 Oz,Signature SELECT Coffee Pods Arabica Medium Roast Kona Blend  
2819,Your Price $26.99 each,Signature SELECT Coffee Dark Arabica Ground Roast French Roast Single Serve - 80-0.39 Oz,($0.34 / Count),beverages,"('Signature SELECT Coffee Dark Arabica Ground Roast French Roast Single Serve  ', '80-0.39 Oz')",True,80-0.39 Oz,Signature SELECT Coffee Dark Arabica Ground Roast French Roast Single Serve  
2820,Your Price $3.99 each,Coffee Mate Nestle French Vanilla Liquid Coffee Creamer Singles - 9 Fl. Oz.,($0.44 / Fl.oz),beverages,"('Coffee Mate Nestle French Vanilla Liquid Coffee Creamer Singles ', ' 9 Fl. Oz.')",True, 9 Fl. Oz.,Coffee Mate Nestle French Vanilla Liquid Coffee Creamer Singles 
2821,Your Price $29.99 each,Starbucks Pike Place Roast 100% Arabica Medium Roast K Cup Coffee Pods Box 32 Count - Each,($0.94 / Count),beverages,"('Starbucks Pike Place Roast 100% Arabica Medium Roast K Cup Coffee Pods Box 32 Count ', ' Each')",True, Each,Starbucks Pike Place Roast 100% Arabica Medium Roast K Cup Coffee Pods Box 32 Count 
2822,Your Price $10.99 each,Starbucks Medium Roast Pike Place Roast Coffee Capsules for Nespresso Vertuo Box 8 Count - Each,($1.37 / Count),beverages,"('Starbucks Medium Roast Pike Place Roast Coffee Capsules for Nespresso Vertuo Box 8 Count ', ' Each')",True, Each,Starbucks Medium Roast Pike Place Roast Coffee Capsules for Nespresso Vertuo Box 8 Count 
2823,Your Price $14.99 each,Peet's Coffee Major Dickasons Blend Dark Roast Ground Coffee Bag - 18 Oz,($0.83 / Ounce),beverages,"(""Peet's Coffee Major Dickasons Blend Dark Roast Ground Coffee Bag "", ' 18 Oz')",True, 18 Oz,Peet's Coffee Major Dickasons Blend Dark Roast Ground Coffee Bag 
2824,Your Price $26.99 each,Signature SELECT Coffee Pods Single Serve Dark Roast Italian Roast - 80-0.39 Oz,($0.34 / Count),beverages,"('Signature SELECT Coffee Pods Single Serve Dark Roast Italian Roast  ', '80-0.39 Oz')",True,80-0.39 Oz,Signature SELECT Coffee Pods Single Serve Dark Roast Italian Roast  
2825,Your Price $8.99 each,Peet's Coffee Major Dickasons Blend Dark Roast K Cup Pods - 10 Count,($0.90 / Count),beverages,"(""Peet's Coffee Major Dickasons Blend Dark Roast K Cup Pods "", ' 10 Count')",True, 10 Count,Peet's Coffee Major Dickasons Blend Dark Roast K Cup Pods 
2826,Your Price $21.99 each,Green Mountain Coffee Roasters Breakfast Blend Coffee K Cup Pods - 32 Count,($0.69 / Count),beverages,"('Green Mountain Coffee Roasters Breakfast Blend Coffee K Cup Pods ', ' 32 Count')",True, 32 Count,Green Mountain Coffee Roasters Breakfast Blend Coffee K Cup Pods 
2827,Your Price $21.99 each,Green Mountain Coffee K Cup Pods Medium Roast Nantucket Blend - 32-0.33 Oz,($0.69 / Count),beverages,"('Green Mountain Coffee K Cup Pods Medium Roast Nantucket Blend  ', '32-0.33 Oz')",True,32-0.33 Oz,Green Mountain Coffee K Cup Pods Medium Roast Nantucket Blend  
2828,Your Price $7.99 each,Signature SELECT Coffee Ground Medium Roast Classic Roast - 30.5 Oz,($0.26 / Ounce),beverages,"('Signature SELECT Coffee Ground Medium Roast Classic Roast ', ' 30.5 Oz')",True, 30.5 Oz,Signature SELECT Coffee Ground Medium Roast Classic Roast 
2829,Your Price $12.99 each,Signature SELECT Coffee Single Serve Cups Variety 36 Count - 14.6 Oz,($0.36 / Count),beverages,"('Signature SELECT Coffee Single Serve Cups Variety 36 Count ', ' 14.6 Oz')",True, 14.6 Oz,Signature SELECT Coffee Single Serve Cups Variety 36 Count 
2830,Your Price $21.99 each,The Original Donut Shop Regular Medium Roast Coffee K Cup Pods - 32 Count,($0.69 / Count),beverages,"('The Original Donut Shop Regular Medium Roast Coffee K Cup Pods ', ' 32 Count')",True, 32 Count,The Original Donut Shop Regular Medium Roast Coffee K Cup Pods 
2831,Your Price $29.99 each,Starbucks Veranda Blend 100% Arabica Blonde Roast K Cup Coffee Pods Box 32 Count - Each,($0.94 / Count),beverages,"('Starbucks Veranda Blend 100% Arabica Blonde Roast K Cup Coffee Pods Box 32 Count ', ' Each')",True, Each,Starbucks Veranda Blend 100% Arabica Blonde Roast K Cup Coffee Pods Box 32 Count 
2832,Your Price $9.99 each,Peet's Coffee Major Dickasons Blend Dark Roast Ground Coffee Bag - 10.5 Oz,($0.95 / Ounce),beverages,"(""Peet's Coffee Major Dickasons Blend Dark Roast Ground Coffee Bag "", ' 10.5 Oz')",True, 10.5 Oz,Peet's Coffee Major Dickasons Blend Dark Roast Ground Coffee Bag 
2833,Your Price $8.99 each,Green Mountain Coffee Roasters Coffee K Cup Pods Light Roast Breakfast Blend - 12-0.31 Oz,($0.75 / Count),beverages,"('Green Mountain Coffee Roasters Coffee K Cup Pods Light Roast Breakfast Blend  ', '12-0.31 Oz')",True,12-0.31 Oz,Green Mountain Coffee Roasters Coffee K Cup Pods Light Roast Breakfast Blend  
2834,Your Price $5.99 each,Signature SELECT Coffee Ground Medium Roasted Kona Blend - 12 Oz,($0.50 / Ounce),beverages,"('Signature SELECT Coffee Ground Medium Roasted Kona Blend ', ' 12 Oz')",True, 12 Oz,Signature SELECT Coffee Ground Medium Roasted Kona Blend 
2835,Your Price $6.49 each,Signature SELECT Donut Shop Collection Coffee Arabica Single Serve Cups Medium Roast - 12 Count,($0.54 / Count),beverages,"('Signature SELECT Donut Shop Collection Coffee Arabica Single Serve Cups Medium Roast ', ' 12 Count')",True, 12 Count,Signature SELECT Donut Shop Collection Coffee Arabica Single Serve Cups Medium Roast 
2836,Your Price $15.99 each,Starbucks Breakfast Blend 100% Arabica Medium Roast Ground Coffee Bag - 18 Oz,($0.89 / Ounce),beverages,"('Starbucks Breakfast Blend 100% Arabica Medium Roast Ground Coffee Bag ', ' 18 Oz')",True, 18 Oz,Starbucks Breakfast Blend 100% Arabica Medium Roast Ground Coffee Bag 
2837,Your Price $6.99 each,BUBBL'R Antioxidant Sparkling Water Twisted Elix'r - 6-12 Fl Oz,($0.10 / Fl.oz),beverages,"(""BUBBL'R Antioxidant Sparkling Water Twisted Elix'r  "", '6-12 Fl Oz')",True,6-12 Fl Oz,BUBBL'R Antioxidant Sparkling Water Twisted Elix'r  
2838,Your Price $13.99 each,Sparkling Ice Sparkling Water Variety Pack 12-17 fl. oz. Bottles,($0.07 / Fl.oz),beverages,"('Sparkling Ice Sparkling Water Variety Pack 12', '17 fl. oz. Bottles')",True,17 fl. oz. Bottles,Sparkling Ice Sparkling Water Variety Pack 12
2839,Your Price $6.99 each,BUBBL'R Antioxidant Sparkling Water Cherry Guava Blend'r - 6-12 Fl Oz,($0.10 / Ounce),beverages,"(""BUBBL'R Antioxidant Sparkling Water Cherry Guava Blend'r  "", '6-12 Fl Oz')",True,6-12 Fl Oz,BUBBL'R Antioxidant Sparkling Water Cherry Guava Blend'r  
2840,Your Price $5.99 each,Dasani Water Purified Enhanced With Minerals Bottled 24 Count - 16.9 Fl. Oz.,($0.01 / Fl.oz),beverages,"('Dasani Water Purified Enhanced With Minerals Bottled 24 Count ', ' 16.9 Fl. Oz.')",True, 16.9 Fl. Oz.,Dasani Water Purified Enhanced With Minerals Bottled 24 Count 
2841,Your Price $13.99 each,Sparkling Ice Sparkling Water Variety Pack 12-17 fl. oz. Bottles,($0.07 / Fl.oz),beverages,"('Sparkling Ice Sparkling Water Variety Pack 12', '17 fl. oz. Bottles')",True,17 fl. oz. Bottles,Sparkling Ice Sparkling Water Variety Pack 12
2842,Your Price $13.99 each,S. PELLEGRINO Sparkling Natural Mineral Water - 12-16.9 Fl. Oz.,($0.07 / Fl.oz),beverages,"('S. PELLEGRINO Sparkling Natural Mineral Water  ', '12-16.9 Fl. Oz.')",True,12-16.9 Fl. Oz.,S. PELLEGRINO Sparkling Natural Mineral Water  
2843,Your Price $6.39 each,vitaminwater Zero Water Beverage Nutrient Enhanced Squeezed Lemonade - 6-16.9 Fl. Oz.,($0.06 / Fl.oz),beverages,"('vitaminwater Zero Water Beverage Nutrient Enhanced Squeezed Lemonade  ', '6-16.9 Fl. Oz.')",True,6-16.9 Fl. Oz.,vitaminwater Zero Water Beverage Nutrient Enhanced Squeezed Lemonade  
2844,Your Price $5.99 each,Spindrift Blood Orange Tangerine Sparkling Water - 8-12 Fl. Oz.,($0.06 / Fl.oz),beverages,"('Spindrift Blood Orange Tangerine Sparkling Water  ', '8-12 Fl. Oz.')",True,8-12 Fl. Oz.,Spindrift Blood Orange Tangerine Sparkling Water  
2845,Your Price $11.99 each,Snapple Zero Sugar Peach Tea Recycled Plastic Bottles - 12-16 Fl. Oz.,($0.06 / Fl.oz),beverages,"('Snapple Zero Sugar Peach Tea Recycled Plastic Bottles  ', '12-16 Fl. Oz.')",True,12-16 Fl. Oz.,Snapple Zero Sugar Peach Tea Recycled Plastic Bottles  
2846,Your Price $6.99 each,Celestial Seasonings Sleepytime Herbal Tea Caffeine Free - 40 Count,($0.17 / Count),beverages,"('Celestial Seasonings Sleepytime Herbal Tea Caffeine Free ', ' 40 Count')",True, 40 Count,Celestial Seasonings Sleepytime Herbal Tea Caffeine Free 
2847,Your Price $4.99 each,Traditional Medicinals Organic Throat Coat Herbal Tea Bags - 16 Count,($0.31 / Count),beverages,"('Traditional Medicinals Organic Throat Coat Herbal Tea Bags ', ' 16 Count')",True, 16 Count,Traditional Medicinals Organic Throat Coat Herbal Tea Bags 
2848,Your Price $3.99 each,AriZona Iced Tea with Lemon Flavor Sun Brewed Style - 128 Fl. Oz.,($0.03 / Fl.oz),beverages,"('AriZona Iced Tea with Lemon Flavor Sun Brewed Style ', ' 128 Fl. Oz.')",True, 128 Fl. Oz.,AriZona Iced Tea with Lemon Flavor Sun Brewed Style 
2849,Your Price $9.49 each,Celestial Seasonings Herbal Tea K-Cup Pods Caffeine Free Sleepytime - 12-0.09 Oz,($0.79 / Count),beverages,"('Celestial Seasonings Herbal Tea K Cup Pods Caffeine Free Sleepytime', '12-0.09 Oz')",True,12-0.09 Oz,Celestial Seasonings Herbal Tea K Cup Pods Caffeine Free Sleepytime
2850,Your Price $20.99 each,Monster Energy Zero Ultra Sugar Free Energy Drink - 12-16 Fl. Oz.,($0.11 / Fl.oz),beverages,"('Monster Energy Zero Ultra Sugar Free Energy Drink  ', '12-16 Fl. Oz.')",True,12-16 Fl. Oz.,Monster Energy Zero Ultra Sugar Free Energy Drink  
2851,Your Price $20.99 each,Monster Energy Original Green Energy Drink - 12 Count - 16 Fl. Oz.,($0.11 / Ounce),beverages,"('Monster Energy Original Green Energy Drink  ', '12 Count16 Fl. Oz.')",True,12 Count16 Fl. Oz.,Monster Energy Original Green Energy Drink  
2852,Your Price $7.99 each,Monster Energy Juice Pipeline Punch Energy Juice - 4-16 Fl. Oz.,($0.12 / Fl.oz),beverages,"('Monster Energy Juice Pipeline Punch Energy Juice  ', '4-16 Fl. Oz.')",True,4-16 Fl. Oz.,Monster Energy Juice Pipeline Punch Energy Juice  
2853,Your Price $10.99 each,Monster Energy Ultra Peachy Keen Sugar Free Energy Drink - 6-12 Fl. Oz.,($0.15 / Fl.oz),beverages,"('Monster Energy Ultra Peachy Keen Sugar Free Energy Drink  ', '6-12 Fl. Oz.')",True,6-12 Fl. Oz.,Monster Energy Ultra Peachy Keen Sugar Free Energy Drink  
2854,Your Price $1.83 each,Hiball Energy Ruby Red Grapefruit Certified Organic Energy Drink In Can - 16 Fl. Oz.,($0.22 / Fl.oz),beverages,"('Hiball Energy Ruby Red Grapefruit Certified Organic Energy Drink In Can ', ' 16 Fl. Oz.')",True, 16 Fl. Oz.,Hiball Energy Ruby Red Grapefruit Certified Organic Energy Drink In Can 
2855,Your Price $9.99 each,Reign Total Body Fuel Orange Dreamsicle Performance Energy Drink - 4-16 Fl. Oz.,($0.16 / Fl.oz),beverages,"('Reign Total Body Fuel Orange Dreamsicle Performance Energy Drink  ', '4-16 Fl. Oz.')",True,4-16 Fl. Oz.,Reign Total Body Fuel Orange Dreamsicle Performance Energy Drink  
2856,Your Price $7.99 each,Monster Energy Zero Ultra Sugar Free Energy Drink - 4-16 Fl. Oz.,($0.12 / Fl.oz),beverages,"('Monster Energy Zero Ultra Sugar Free Energy Drink  ', '4-16 Fl. Oz.')",True,4-16 Fl. Oz.,Monster Energy Zero Ultra Sugar Free Energy Drink  
2857,Your Price $6.99 each,Gatorade G Series Thirst Quencher Frost Glacier Freeze - 8-20 Fl. Oz.,($0.04 / Fl.oz),beverages,"('Gatorade G Series Thirst Quencher Frost Glacier Freeze  ', '8-20 Fl. Oz.')",True,8-20 Fl. Oz.,Gatorade G Series Thirst Quencher Frost Glacier Freeze  
2858,Your Price $12.99 each,Gatorade G Series Thirst Quencher 02 Classic Pack - 18-12 Fl. Oz.,($0.06 / Fl.oz),beverages,"('Gatorade G Series Thirst Quencher 02 Classic Pack  ', '18-12 Fl. Oz.')",True,18-12 Fl. Oz.,Gatorade G Series Thirst Quencher 02 Classic Pack  
2859,Your Price $7.99 each,Gatorade Zero Thirst Quencher Zero Sugar Glazier Freeze - 8-20 Fl. Oz.,($0.05 / Fl.oz),beverages,"('Gatorade Zero Thirst Quencher Zero Sugar Glazier Freeze  ', '8-20 Fl. Oz.')",True,8-20 Fl. Oz.,Gatorade Zero Thirst Quencher Zero Sugar Glazier Freeze  
2860,Your Price $7.99 each,Gatorade G Series Thirst Quencher 02 Cool Blue - 8-20 Fl. Oz.,($0.05 / Fl.oz),beverages,"('Gatorade G Series Thirst Quencher 02 Cool Blue  ', '8-20 Fl. Oz.')",True,8-20 Fl. Oz.,Gatorade G Series Thirst Quencher 02 Cool Blue  
2861,Your Price $6.00 each,POWERADE Sports Drink Electrolyte Enhanced Mountain Berry Blast - 8-20 Fl. Oz.,($0.04 / Fl.oz),beverages,"('POWERADE Sports Drink Electrolyte Enhanced Mountain Berry Blast  ', '8-20 Fl. Oz.')",True,8-20 Fl. Oz.,POWERADE Sports Drink Electrolyte Enhanced Mountain Berry Blast  
2862,Your Price $7.99 each,Gatorade G Series Thirst Quencher Fierce Grape - 8-20 Fl. Oz.,($0.05 / Fl.oz),beverages,"('Gatorade G Series Thirst Quencher Fierce Grape  ', '8-20 Fl. Oz.')",True,8-20 Fl. Oz.,Gatorade G Series Thirst Quencher Fierce Grape  
2863,Your Price $7.99 each,Gatorade Zero Thirst Quencher Zero Sugar Glacier Cherry - 8-20 Fl. Oz.,($0.05 / Fl.oz),beverages,"('Gatorade Zero Thirst Quencher Zero Sugar Glacier Cherry  ', '8-20 Fl. Oz.')",True,8-20 Fl. Oz.,Gatorade Zero Thirst Quencher Zero Sugar Glacier Cherry  
2864,Your Price $6.00 each,POWERADE Sports Drink Electrolyte Enhanced Zero Sugar Mixed Berry - 8-20 Fl. Oz.,($0.04 / Fl.oz),beverages,"('POWERADE Sports Drink Electrolyte Enhanced Zero Sugar Mixed Berry  ', '8-20 Fl. Oz.')",True,8-20 Fl. Oz.,POWERADE Sports Drink Electrolyte Enhanced Zero Sugar Mixed Berry  
2865,Your Price $6.99 each,BODYARMOR Mamba Forever Strawberry Grape Sports Drink - 8-12 Fl. Oz.,($0.07 / Fl.oz),beverages,"('BODYARMOR Mamba Forever Strawberry Grape Sports Drink  ', '8-12 Fl. Oz.')",True,8-12 Fl. Oz.,BODYARMOR Mamba Forever Strawberry Grape Sports Drink  
2866,Your Price $1.49 each,POWERADE Sports Drink Electrolyte Enhanced Zero Sugar Mixed Berry - 28 Fl. Oz.,($0.05 / Fl.oz),beverages,"('POWERADE Sports Drink Electrolyte Enhanced Zero Sugar Mixed Berry ', ' 28 Fl. Oz.')",True, 28 Fl. Oz.,POWERADE Sports Drink Electrolyte Enhanced Zero Sugar Mixed Berry 
2867,Your Price $1.49 each,POWERADE Sports Drink Electrolyte Enhanced Zero Sugar Fruit Punch - 28 Fl. Oz.,($0.05 / Fl.oz),beverages,"('POWERADE Sports Drink Electrolyte Enhanced Zero Sugar Fruit Punch ', ' 28 Fl. Oz.')",True, 28 Fl. Oz.,POWERADE Sports Drink Electrolyte Enhanced Zero Sugar Fruit Punch 
2868,Your Price $4.29 each,Core Power Elite Milk Shake High Protein Chocolate - 14 Fl. Oz.,($0.31 / Fl.oz),beverages,"('Core Power Elite Milk Shake High Protein Chocolate ', ' 14 Fl. Oz.')",True, 14 Fl. Oz.,Core Power Elite Milk Shake High Protein Chocolate 
2869,Your Price $6.99 each,Gatorade G Series Thirst Quencher Perform Frost Glacier Cherry - 8-20 Fl. Oz.,($0.04 / Fl.oz),beverages,"('Gatorade G Series Thirst Quencher Perform Frost Glacier Cherry  ', '8-20 Fl. Oz.')",True,8-20 Fl. Oz.,Gatorade G Series Thirst Quencher Perform Frost Glacier Cherry  
2870,Your Price $7.99 each,Gatorade Zero Thirst Quencher Zero Sugar Orange - 8-20 Fl. Oz.,($0.05 / Fl.oz),beverages,"('Gatorade Zero Thirst Quencher Zero Sugar Orange  ', '8-20 Fl. Oz.')",True,8-20 Fl. Oz.,Gatorade Zero Thirst Quencher Zero Sugar Orange  
2871,Your Price $7.99 each,Gatorade Zero Thirst Quencher Zero Sugar Lemon Lime - 8-20 Fl. Oz.,($0.05 / Fl.oz),beverages,"('Gatorade Zero Thirst Quencher Zero Sugar Lemon Lime  ', '8-20 Fl. Oz.')",True,8-20 Fl. Oz.,Gatorade Zero Thirst Quencher Zero Sugar Lemon Lime  
2872,Your Price $1.49 each,POWERADE Sports Drink Electrolyte Enhanced Zero Sugar Grape - 28 Fl. Oz.,($0.05 / Fl.oz),beverages,"('POWERADE Sports Drink Electrolyte Enhanced Zero Sugar Grape ', ' 28 Fl. Oz.')",True, 28 Fl. Oz.,POWERADE Sports Drink Electrolyte Enhanced Zero Sugar Grape 
2873,Your Price $1.33 each,Gatorade Zero Sugar Glacier Cherry Thirst Quencher Plastic Bottle - 28 Fl. Oz.,($0.05 / Fl.oz),beverages,"('Gatorade Zero Sugar Glacier Cherry Thirst Quencher Plastic Bottle ', ' 28 Fl. Oz.')",True, 28 Fl. Oz.,Gatorade Zero Sugar Glacier Cherry Thirst Quencher Plastic Bottle 
2874,Your Price $3.29 each,Alpine Original Spiced Apple Cider Instant Drink Mix - 7.4 Oz,($0.33 / Count),beverages,"('Alpine Original Spiced Apple Cider Instant Drink Mix ', ' 7.4 Oz')",True, 7.4 Oz,Alpine Original Spiced Apple Cider Instant Drink Mix 
2875,Your Price $11.99 each,Starbucks Classic Hot Cocoa K Cup Coffee Pods Box 10 Count - Each,($1.20 / Count),beverages,"('Starbucks Classic Hot Cocoa K Cup Coffee Pods Box 10 Count ', ' Each')",True, Each,Starbucks Classic Hot Cocoa K Cup Coffee Pods Box 10 Count 
2876,Your Price $6.99 each,NesQuik Strawberry Flavor Powder Drink Mix Canister - 18.7 Oz,($0.37 / Ounce),beverages,"('NesQuik Strawberry Flavor Powder Drink Mix Canister ', ' 18.7 Oz')",True, 18.7 Oz,NesQuik Strawberry Flavor Powder Drink Mix Canister 
2877,Your Price $3.49 each,Swiss Miss Cocoa Mix Hot Indulgent Collection Dark Chocolate Sensation - 8-1.25 Oz,($0.35 / Ounce),beverages,"('Swiss Miss Cocoa Mix Hot Indulgent Collection Dark Chocolate Sensation  ', '8-1.25 Oz')",True,8-1.25 Oz,Swiss Miss Cocoa Mix Hot Indulgent Collection Dark Chocolate Sensation  
2878,Your Price $3.99 each,Swiss Miss Hot Cocoa Milk Chocolate No Sugar Added Envelopes - 5.84 Oz,($0.68 / Ounce),beverages,"('Swiss Miss Hot Cocoa Milk Chocolate No Sugar Added Envelopes ', ' 5.84 Oz')",True, 5.84 Oz,Swiss Miss Hot Cocoa Milk Chocolate No Sugar Added Envelopes 
2879,Your Price $2.29 each,Signature SELECT Cocoa Mix Hot Milk Chocolate With Mini Marshmallows - 10-1 Oz,($0.23 / Ounce),beverages,"('Signature SELECT Cocoa Mix Hot Milk Chocolate With Mini Marshmallows  ', '10-1 Oz')",True,10-1 Oz,Signature SELECT Cocoa Mix Hot Milk Chocolate With Mini Marshmallows  
2880,Your Price $6.00 each,Starbucks Holiday Blend 100% Arabica Medium Roast K Cup Coffee Pods Box 10 Count - Each,($6.00 / Each),beverages,"('Starbucks Holiday Blend 100% Arabica Medium Roast K Cup Coffee Pods Box 10 Count ', ' Each')",True, Each,Starbucks Holiday Blend 100% Arabica Medium Roast K Cup Coffee Pods Box 10 Count 
2881,Your Price $9.29 each,Dunkin Donuts Hot Cocoa K Cup Pods Milk Chocolate - 10-0.51 Oz,($0.93 / Count),beverages,"('Dunkin Donuts Hot Cocoa K Cup Pods Milk Chocolate  ', '10-0.51 Oz')",True,10-0.51 Oz,Dunkin Donuts Hot Cocoa K Cup Pods Milk Chocolate  
2882,Your Price $4.49 each,Ghirardelli Hot Cocoa Mix With Semi Sweet Chocolate Chips - 8 Oz,($0.56 / Ounce),beverages,"('Ghirardelli Hot Cocoa Mix With Semi Sweet Chocolate Chips ', ' 8 Oz')",True, 8 Oz,Ghirardelli Hot Cocoa Mix With Semi Sweet Chocolate Chips 
2883,Your Price $3.99 each,Signature SELECT Cocoa Hot White Chocolate European Cafe Style - 12 Oz,($0.33 / Ounce),beverages,"('Signature SELECT Cocoa Hot White Chocolate European Cafe Style ', ' 12 Oz')",True, 12 Oz,Signature SELECT Cocoa Hot White Chocolate European Cafe Style 
2884,Your Price $1.99 each,Signature SELECT Drink Mix Instant Spiced Apple Cider - 10-0.74 Oz,($0.27 / Ounce),beverages,"('Signature SELECT Drink Mix Instant Spiced Apple Cider  ', '10-0.74 Oz')",True,10-0.74 Oz,Signature SELECT Drink Mix Instant Spiced Apple Cider  
2885,Your Price $11.99 each,Starbucks Sunrise Blend 100% Arabica Blonde Roast Ground Coffee Bag - 12 Oz,($1.00 / Ounce),beverages,"('Starbucks Sunrise Blend 100% Arabica Blonde Roast Ground Coffee Bag ', ' 12 Oz')",True, 12 Oz,Starbucks Sunrise Blend 100% Arabica Blonde Roast Ground Coffee Bag 
2886,Your Price $9.99 each,Vita Coco Pressed Coconut Water The Original - 4-16.9 Fl. Oz.,($0.15 / Fl.oz),beverages,"('Vita Coco Pressed Coconut Water The Original  ', '4-16.9 Fl. Oz.')",True,4-16.9 Fl. Oz.,Vita Coco Pressed Coconut Water The Original  
2887,Your Price $2.50 each,Vita Coco Coconut Water Pure With Peach & Mango - 16.9 Fl. Oz.,($0.15 / Fl.oz),beverages,"('Vita Coco Coconut Water Pure With Peach & Mango ', ' 16.9 Fl. Oz.')",True, 16.9 Fl. Oz.,Vita Coco Coconut Water Pure With Peach & Mango 
2888,Your Price $1.50 each,coco libre Coconut Water Organic with Pineapple - 16.9 Fl. Oz.,($0.13 / Fl.oz),beverages,"('coco libre Coconut Water Organic with Pineapple ', ' 16.9 Fl. Oz.')",True, 16.9 Fl. Oz.,coco libre Coconut Water Organic with Pineapple 
2889,Your Price $2.00 each,CELSIUS Fitness Drink Naturals Sparkling Grape Fruit Can - 12 Fl. Oz.,($0.17 / Fl.oz),beverages,"('CELSIUS Fitness Drink Naturals Sparkling Grape Fruit Can ', ' 12 Fl. Oz.')",True, 12 Fl. Oz.,CELSIUS Fitness Drink Naturals Sparkling Grape Fruit Can 
2890,Your Price $2.00 each,CELSIUS Fitness Drink Naturals Sparkling Cucumber Lime Can - 12 Fl. Oz.,($0.17 / Fl.oz),beverages,"('CELSIUS Fitness Drink Naturals Sparkling Cucumber Lime Can ', ' 12 Fl. Oz.')",True, 12 Fl. Oz.,CELSIUS Fitness Drink Naturals Sparkling Cucumber Lime Can 
2891,Your Price $1.79 each,Bai Bubbles Water Sparkling Antioxidant Infusion Bolivia Black Cherry - 11.5 Fl. Oz.,($0.16 / Fl.oz),beverages,"('Bai Bubbles Water Sparkling Antioxidant Infusion Bolivia Black Cherry ', ' 11.5 Fl. Oz.')",True, 11.5 Fl. Oz.,Bai Bubbles Water Sparkling Antioxidant Infusion Bolivia Black Cherry 
2892,Your Price $3.99 each,KeVita Sparkling Probiotic Drink Lemon Cayenne - 15.2 Fl. Oz.,($0.26 / Fl.oz),beverages,"('KeVita Sparkling Probiotic Drink Lemon Cayenne ', ' 15.2 Fl. Oz.')",True, 15.2 Fl. Oz.,KeVita Sparkling Probiotic Drink Lemon Cayenne 
2893,Your Price $3.99 each,KeVita Kombucha Probiotic Drink Master Brew Tart Cherry - 15.2 Fl. Oz.,($0.26 / Fl.oz),beverages,"('KeVita Kombucha Probiotic Drink Master Brew Tart Cherry ', ' 15.2 Fl. Oz.')",True, 15.2 Fl. Oz.,KeVita Kombucha Probiotic Drink Master Brew Tart Cherry 
2894,Your Price $3.99 each,KeVita Kombucha Probiotic Drink Master Brew Ginger - 15.2 Fl. Oz.,($0.26 / Fl.oz),beverages,"('KeVita Kombucha Probiotic Drink Master Brew Ginger ', ' 15.2 Fl. Oz.')",True, 15.2 Fl. Oz.,KeVita Kombucha Probiotic Drink Master Brew Ginger 
2895,Your Price $5.49 each,Entenmann's Little Bites Fudge Brownie Mini Muffins - 9.75 Oz,($0.56 / Ounce),bread-bakery,"(""Entenmann's Little Bites Fudge Brownie Mini Muffins "", ' 9.75 Oz')",True, 9.75 Oz,Entenmann's Little Bites Fudge Brownie Mini Muffins 
2896,Your Price $5.49 each,Entenmann's Little Bites Chocolate Chip Mini Muffins - 8.25 Oz,($0.67 / Ounce),bread-bakery,"(""Entenmann's Little Bites Chocolate Chip Mini Muffins "", ' 8.25 Oz')",True, 8.25 Oz,Entenmann's Little Bites Chocolate Chip Mini Muffins 
2897,Your Price $5.79 each,Hostess Bouncers Cinnamon Donettes Packable Pouches Perfect for Lunchboxes 5 Count - 9.63 Oz,($0.60 / Ounce),bread-bakery,"('Hostess Bouncers Cinnamon Donettes Packable Pouches Perfect for Lunchboxes 5 Count ', ' 9.63 Oz')",True, 9.63 Oz,Hostess Bouncers Cinnamon Donettes Packable Pouches Perfect for Lunchboxes 5 Count 
2898,Your Price $5.99 each,Dave's Killer Bread Organic Cinnamon Raisin The Roof Bread- 18 Oz,($0.33 / Ounce),bread-bakery,"(""Dave's Killer Bread Organic Cinnamon Raisin The Roof Bread"", ' 18 Oz')",True, 18 Oz,Dave's Killer Bread Organic Cinnamon Raisin The Roof Bread
2899,Your Price $5.99 each,Dave's Killer Bread Organic Rockin Grain English Muffins - 13.2 Oz,($0.45 / Ounce),bread-bakery,"(""Dave's Killer Bread Organic Rockin Grain English Muffins "", ' 13.2 Oz')",True, 13.2 Oz,Dave's Killer Bread Organic Rockin Grain English Muffins 
2900,Your Price $3.00 each,Hostess Iced Lemon Flavored Cup Cakes with Other Natural Flavors - 12.70 Oz,($0.24 / Ounce),bread-bakery,"('Hostess Iced Lemon Flavored Cup Cakes with Other Natural Flavors ', ' 12.70 Oz')",True, 12.70 Oz,Hostess Iced Lemon Flavored Cup Cakes with Other Natural Flavors 
2901,Your Price $5.79 each,Hostess Bouncers Glazed Chocolate Ding Dongs Packable Pouches for Lunchboxes 5 Count - 8.2 Oz,($0.58 / Ounce),bread-bakery,"('Hostess Bouncers Glazed Chocolate Ding Dongs Packable Pouches for Lunchboxes 5 Count ', ' 8.2 Oz')",True, 8.2 Oz,Hostess Bouncers Glazed Chocolate Ding Dongs Packable Pouches for Lunchboxes 5 Count 
2902,Your Price $11.99 each,Signature SELECT Shortcake Strawberry White Chocolate Glutenfree - 19.4 Oz,($0.62 / Ounce),bread-bakery,"('Signature SELECT Shortcake Strawberry White Chocolate Glutenfree ', ' 19.4 Oz')",True, 19.4 Oz,Signature SELECT Shortcake Strawberry White Chocolate Glutenfree 
2903,Your Price $5.79 each,Hostess Bouncers Glazed Twinkies Packable Pouches Perfect for Lunchboxes 5 Count - 8.62 Oz,($0.67 / Ounce),bread-bakery,"('Hostess Bouncers Glazed Twinkies Packable Pouches Perfect for Lunchboxes 5 Count ', ' 8.62 Oz')",True, 8.62 Oz,Hostess Bouncers Glazed Twinkies Packable Pouches Perfect for Lunchboxes 5 Count 
2904,$18.99 ,Bakery Cake Chocolate Whip Cream Strawberry Flavoured 3 Layer,($18.99 / Each),bread-bakery,Bakery Cake Chocolate Whip Cream Strawberry Flavoured 3 Layer,False, Each,B
2905,Your Price $37.99 each,Signature Select Ice Cream Cake White Cake Van Ic 1/4 Sheet - 66 Oz,($0.58 / Ounce),bread-bakery,"('Signature Select Ice Cream Cake White Cake Van Ic 1/4 Sheet ', ' 66 Oz')",True, 66 Oz,Signature Select Ice Cream Cake White Cake Van Ic 1/4 Sheet 
2906,Your Price $3.50 each,Fresh Baked Signature SELECT Chocolate Chip Cookies - 18 Count,($3.50 / Each),bread-bakery,"('Fresh Baked Signature SELECT Chocolate Chip Cookies ', ' 18 Count')",True, 18 Count,Fresh Baked Signature SELECT Chocolate Chip Cookies 
2907,Your Price $3.49 each,Entenmann's Little Bites Soft Baked Mini Chocolate Chip Cookies - 6.88 Oz,($0.70 / Count),bread-bakery,"(""Entenmann's Little Bites Soft Baked Mini Chocolate Chip Cookies "", ' 6.88 Oz')",True, 6.88 Oz,Entenmann's Little Bites Soft Baked Mini Chocolate Chip Cookies 
2908,Your Price $4.49 each,Little Debbie Brownies Cosmic with Chocolate Chip Candy Big Pack - 12 Count,($0.16 / Ounce),bread-bakery,"('Little Debbie Brownies Cosmic with Chocolate Chip Candy Big Pack ', ' 12 Count')",True, 12 Count,Little Debbie Brownies Cosmic with Chocolate Chip Candy Big Pack 
2909,Your Price $3.00 each,Hostess Coffee Cakes Cinnamon Topped Streusel Coffee Cake - 11.6 Oz,($0.26 / Ounce),bread-bakery,"('Hostess Coffee Cakes Cinnamon Topped Streusel Coffee Cake ', ' 11.6 Oz')",True, 11.6 Oz,Hostess Coffee Cakes Cinnamon Topped Streusel Coffee Cake 
2910,Your Price $3.00 each,Hostess HoHos Individually Wrapped Rolled Chocolate Cake With Creamy Filling 10 Count - 10 Oz,($0.30 / Ounce),bread-bakery,"('Hostess HoHos Individually Wrapped Rolled Chocolate Cake With Creamy Filling 10 Count ', ' 10 Oz')",True, 10 Oz,Hostess HoHos Individually Wrapped Rolled Chocolate Cake With Creamy Filling 10 Count 
2911,Your Price $4.49 each,Signature Select Mini Sugar Cookies Frosted Red Velvet - 10.5 OZ,($0.43 / Ounce),bread-bakery,"('Signature Select Mini Sugar Cookies Frosted Red Velvet ', ' 10.5 OZ')",True, 10.5 OZ,Signature Select Mini Sugar Cookies Frosted Red Velvet 
2912,Your Price $3.00 each,Hostess Zingers Devils Food Chocolate Snack Cakes - 10-12.70 Oz,($0.24 / Ounce),bread-bakery,"('Hostess Zingers Devils Food Chocolate Snack Cakes  ', '10-12.70 Oz')",True,10-12.70 Oz,Hostess Zingers Devils Food Chocolate Snack Cakes  
2913,Your Price $3.99 each,Hostess Donettes Frosted Chocolate Mini Donuts Bags - 10.75 Oz,($0.37 / Ounce),bread-bakery,"('Hostess Donettes Frosted Chocolate Mini Donuts Bags ', ' 10.75 Oz')",True, 10.75 Oz,Hostess Donettes Frosted Chocolate Mini Donuts Bags 
2914,Your Price $3.00 each,Hostess Ding Dongs Creamy Filling Individually Wrapped Chocolate Cake  10 Count - 12.70 Oz,($0.24 / Ounce),bread-bakery,"('Hostess Ding Dongs Creamy Filling Individually Wrapped Chocolate Cake  10 Count ', ' 12.70 Oz')",True, 12.70 Oz,Hostess Ding Dongs Creamy Filling Individually Wrapped Chocolate Cake  10 Count 
2915,Your Price $5.49 each,King's Hawaiian Original Hawaiian Sweet Mini Sub Rolls - 12 Oz,($0.46 / Ounce),bread-bakery,"(""King's Hawaiian Original Hawaiian Sweet Mini Sub Rolls "", ' 12 Oz')",True, 12 Oz,King's Hawaiian Original Hawaiian Sweet Mini Sub Rolls 
2916,Your Price $5.49 each,King's Hawaiian Original Hawaiian Sweet Hamburger Buns - 12.8 Oz,($0.43 / Ounce),bread-bakery,"(""King's Hawaiian Original Hawaiian Sweet Hamburger Buns "", ' 12.8 Oz')",True, 12.8 Oz,King's Hawaiian Original Hawaiian Sweet Hamburger Buns 
2917,Your Price $5.49 each,King's Hawaiian Original Hawaiian Sweet Pretzel Hamburger Buns - 10.5 Oz,($0.52 / Ounce),bread-bakery,"(""King's Hawaiian Original Hawaiian Sweet Pretzel Hamburger Buns "", ' 10.5 Oz')",True, 10.5 Oz,King's Hawaiian Original Hawaiian Sweet Pretzel Hamburger Buns 
2918,Your Price $4.49 each,Ball Park Pre-Sliced Everything Seasoned Hamburger Buns - 16 Oz,($0.30 / Ounce),bread-bakery,"('Ball Park Pre Sliced Everything Seasoned Hamburger Buns', '16 Oz')",True,16 Oz,Ball Park Pre Sliced Everything Seasoned Hamburger Buns
2919,Your Price $5.99 each,Daves Killer Bread Burger Buns Done Right Organic White Bread Hamburger Buns - 8 Count,($0.37 / Ounce),bread-bakery,"('Daves Killer Bread Burger Buns Done Right Organic White Bread Hamburger Buns ', ' 8 Count')",True, 8 Count,Daves Killer Bread Burger Buns Done Right Organic White Bread Hamburger Buns 
2920,Your Price $4.29 each,Pepperidge Farm White Bakery Buns Hot Dog Top Sliced - 8 Count,($0.31 / Ounce),bread-bakery,"('Pepperidge Farm White Bakery Buns Hot Dog Top Sliced ', ' 8 Count')",True, 8 Count,Pepperidge Farm White Bakery Buns Hot Dog Top Sliced 
2921,Your Price $21.99 each,Signature SELECT New York Chocolate Platter Cheesecake - Each,($0.55 / Ounce),bread-bakery,"('Signature SELECT New York Chocolate Platter Cheesecake ', ' Each')",True, Each,Signature SELECT New York Chocolate Platter Cheesecake 
2922,Your Price $7.99 each,Jessie Lord Bakery Pie 8 Inch Baked Apple No Sugar Added - Each,($0.33 / Ounce),bread-bakery,"('Jessie Lord Bakery Pie 8 Inch Baked Apple No Sugar Added ', ' Each')",True, Each,Jessie Lord Bakery Pie 8 Inch Baked Apple No Sugar Added 
2923,Your Price $4.49 each,Brownberry Organic Thin Sliced 22 Grains & Seeds Bread - 20 Oz,($0.22 / Ounce),bread-bakery,"('Brownberry Organic Thin Sliced 22 Grains & Seeds Bread ', ' 20 Oz')",True, 20 Oz,Brownberry Organic Thin Sliced 22 Grains & Seeds Bread 
2924,Your Price $5.99 each,Brooklyn Bred Pizza Crust Thin Traditional Lite 2 Count - 15 Oz,($0.40 / Ounce),bread-bakery,"('Brooklyn Bred Pizza Crust Thin Traditional Lite 2 Count ', ' 15 Oz')",True, 15 Oz,Brooklyn Bred Pizza Crust Thin Traditional Lite 2 Count 
2925,Your Price $5.99 each,Dave's Killer Bread Epic Everything Organic Breakfast Bread - 18 Oz,($0.33 / Ounce),bread-bakery,"(""Dave's Killer Bread Epic Everything Organic Breakfast Bread "", ' 18 Oz')",True, 18 Oz,Dave's Killer Bread Epic Everything Organic Breakfast Bread 
2926,Your Price $5.99 each,Daves Killer Bread 21 Whole Grains and Seeds Whole Grain Organic Bread - 27 Oz,($0.22 / Ounce),bread-bakery,"('Daves Killer Bread 21 Whole Grains and Seeds Whole Grain Organic Bread ', ' 27 Oz')",True, 27 Oz,Daves Killer Bread 21 Whole Grains and Seeds Whole Grain Organic Bread 
2927,Your Price $5.99 each,King's Hawaiian Original Hawaiian Sweet Sliced Bread - 13.5 Oz,($0.44 / Ounce),bread-bakery,"(""King's Hawaiian Original Hawaiian Sweet Sliced Bread "", ' 13.5 Oz')",True, 13.5 Oz,King's Hawaiian Original Hawaiian Sweet Sliced Bread 
2928,Your Price $5.99 each,Daves Killer Bread Good Seed Thin-Sliced Organic Bread - 20.5 Oz,($0.29 / Ounce),bread-bakery,"('Daves Killer Bread Good Seed Thin Sliced Organic Bread', '20.5 Oz')",True,20.5 Oz,Daves Killer Bread Good Seed Thin Sliced Organic Bread
2929,Your Price $5.99 each,Daves Killer Bread 21 Whole Grains & Seeds Thin-Sliced Whole Grain Organic Bread - 20.5 Oz,($0.29 / Ounce),bread-bakery,"('Daves Killer Bread 21 Whole Grains & Seeds Thin Sliced Whole Grain Organic Bread', '20.5 Oz')",True,20.5 Oz,Daves Killer Bread 21 Whole Grains & Seeds Thin Sliced Whole Grain Organic Bread
2930,Your Price $5.99 each,Daves Killer Bread Good Seed Whole Grain Organic Bread - 27 Oz,($0.22 / Ounce),bread-bakery,"('Daves Killer Bread Good Seed Whole Grain Organic Bread ', ' 27 Oz')",True, 27 Oz,Daves Killer Bread Good Seed Whole Grain Organic Bread 
2931,$0.24 ,Daves Killer Bread Powerseed Seeded Organic Bread 1g Sugar per Slice 25 Oz Loaf,($0.24 / Ounce),bread-bakery,Daves Killer Bread Powerseed Seeded Organic Bread 1g Sugar per Slice 25 Oz Loaf,False, Ounce,D
2932,Your Price $5.99 each,Food For Life Ezekiel 4:9 Organic Bread Sprouted Whole Grain - 24 Oz,($0.25 / Ounce),bread-bakery,"('Food For Life Ezekiel 4:9 Organic Bread Sprouted Whole Grain ', ' 24 Oz')",True, 24 Oz,Food For Life Ezekiel 4:9 Organic Bread Sprouted Whole Grain 
2933,Your Price $4.99 each,Pepperidge Farm Jewish Rye And Pumpernickel Deli Swirl Bread - 16 Oz,($0.31 / Ounce),bread-bakery,"('Pepperidge Farm Jewish Rye And Pumpernickel Deli Swirl Bread ', ' 16 Oz')",True, 16 Oz,Pepperidge Farm Jewish Rye And Pumpernickel Deli Swirl Bread 
2934,Your Price $3.49 each,Mission Tortillas Flour Soft Taco Super Soft 10 Count - 17.5 Oz,($0.20 / Ounce),bread-bakery,"('Mission Tortillas Flour Soft Taco Super Soft 10 Count ', ' 17.5 Oz')",True, 17.5 Oz,Mission Tortillas Flour Soft Taco Super Soft 10 Count 
2935,Your Price $3.99 each,Old El Paso Tortillas Flour Dinner Kit Taco Hard & Soft Box - 11.4 Oz,($0.35 / Ounce),bread-bakery,"('Old El Paso Tortillas Flour Dinner Kit Taco Hard & Soft Box ', ' 11.4 Oz')",True, 11.4 Oz,Old El Paso Tortillas Flour Dinner Kit Taco Hard & Soft Box 
2936,Your Price $4.99 each,Mission Carb Balance Tortillas Flour Super Soft Soft Taco Bag 8 Count - 12 Oz,($0.42 / Ounce),bread-bakery,"('Mission Carb Balance Tortillas Flour Super Soft Soft Taco Bag 8 Count ', ' 12 Oz')",True, 12 Oz,Mission Carb Balance Tortillas Flour Super Soft Soft Taco Bag 8 Count 
2937,Your Price $6.49 each,Mission Tortillas Flour Burrito Large Super Soft Bag 16 Count - 40 Oz,($0.16 / Ounce),bread-bakery,"('Mission Tortillas Flour Burrito Large Super Soft Bag 16 Count ', ' 40 Oz')",True, 40 Oz,Mission Tortillas Flour Burrito Large Super Soft Bag 16 Count 
2938,Your Price $3.99 each,Mission Tortillas Flour Burrito Large Super Soft 8 Count - 20 Oz,($0.20 / Ounce),bread-bakery,"('Mission Tortillas Flour Burrito Large Super Soft 8 Count ', ' 20 Oz')",True, 20 Oz,Mission Tortillas Flour Burrito Large Super Soft 8 Count 
2939,Your Price $3.49 each,Guerrero Tortillas Corn White Maiz Blanco Bag 30 Count - 27.5 Oz,($0.14 / Ounce),bread-bakery,"('Guerrero Tortillas Corn White Maiz Blanco Bag 30 Count ', ' 27.5 Oz')",True, 27.5 Oz,Guerrero Tortillas Corn White Maiz Blanco Bag 30 Count 
2940,Your Price $4.99 each,Mission Carb Balance Tortillas Whole Wheat Super Soft Soft Taco Bag 8 Count - 12 Oz,($0.42 / Ounce),bread-bakery,"('Mission Carb Balance Tortillas Whole Wheat Super Soft Soft Taco Bag 8 Count ', ' 12 Oz')",True, 12 Oz,Mission Carb Balance Tortillas Whole Wheat Super Soft Soft Taco Bag 8 Count 
2941,Your Price $3.49 each,Mission Tortillas Flour Fajita Super Soft Bag 20 Count - 23 Oz,($0.15 / Ounce),bread-bakery,"('Mission Tortillas Flour Fajita Super Soft Bag 20 Count ', ' 23 Oz')",True, 23 Oz,Mission Tortillas Flour Fajita Super Soft Bag 20 Count 
2942,Your Price $3.49 each,Guerrero Tortillas Flour Fajita De Harina Caseras Bag 20 Count - 22.5 Oz,($0.16 / Ounce),bread-bakery,"('Guerrero Tortillas Flour Fajita De Harina Caseras Bag 20 Count ', ' 22.5 Oz')",True, 22.5 Oz,Guerrero Tortillas Flour Fajita De Harina Caseras Bag 20 Count 
2943,Your Price $1.99 each,Signature SELECT Tortillas Flour Burrito Style 8 Count - 19.2 Oz,($0.10 / Ounce),bread-bakery,"('Signature SELECT Tortillas Flour Burrito Style 8 Count ', ' 19.2 Oz')",True, 19.2 Oz,Signature SELECT Tortillas Flour Burrito Style 8 Count 
2944,Your Price $3.99 each,Mission Tortillas Artisan Style Multigrain Bag 8 Count - 10.4 Oz,($0.29 / Count),bread-bakery,"('Mission Tortillas Artisan Style Multigrain Bag 8 Count ', ' 10.4 Oz')",True, 10.4 Oz,Mission Tortillas Artisan Style Multigrain Bag 8 Count 
2945,Your Price $2.99 each,Mission Tortillas Corn Yellow Super Soft Super Size 10 Count - 10.84 Oz,($0.28 / Ounce),bread-bakery,"('Mission Tortillas Corn Yellow Super Soft Super Size 10 Count ', ' 10.84 Oz')",True, 10.84 Oz,Mission Tortillas Corn Yellow Super Soft Super Size 10 Count 
2946,Your Price $2.49 each,Guerrero Tortillas Flour Soft Taco De Harina Caseras Bag 10 Count - 20.83 Oz,($0.12 / Ounce),bread-bakery,"('Guerrero Tortillas Flour Soft Taco De Harina Caseras Bag 10 Count ', ' 20.83 Oz')",True, 20.83 Oz,Guerrero Tortillas Flour Soft Taco De Harina Caseras Bag 10 Count 
2947,Your Price $3.49 each,Mission Tortillas Flour Whole Wheat Soft Taco Bag 10 Count - 16 Oz,($0.22 / Ounce),bread-bakery,"('Mission Tortillas Flour Whole Wheat Soft Taco Bag 10 Count ', ' 16 Oz')",True, 16 Oz,Mission Tortillas Flour Whole Wheat Soft Taco Bag 10 Count 
2948,Your Price $6.99 each,Mission Tortillas Gluten Free Soft Taco Bag Bag 6 Count - 10.6 Oz,($0.67 / Ounce),bread-bakery,"('Mission Tortillas Gluten Free Soft Taco Bag Bag 6 Count ', ' 10.6 Oz')",True, 10.6 Oz,Mission Tortillas Gluten Free Soft Taco Bag Bag 6 Count 
2949,Your Price $3.49 each,Guerrero Tostadas Caseras Amarillas Gluten Free Bag 22 Count - 12.8 Oz,($0.27 / Ounce),bread-bakery,"('Guerrero Tostadas Caseras Amarillas Gluten Free Bag 22 Count ', ' 12.8 Oz')",True, 12.8 Oz,Guerrero Tostadas Caseras Amarillas Gluten Free Bag 22 Count 
2950,Your Price $1.99 each,Signature SELECT Taco Shells Corn White Box 12 Count - 4.8 Oz,($0.41 / Ounce),bread-bakery,"('Signature SELECT Taco Shells Corn White Box 12 Count ', ' 4.8 Oz')",True, 4.8 Oz,Signature SELECT Taco Shells Corn White Box 12 Count 
2951,Your Price $5.99 each,Mission Carb Balance Tortillas Whole Wheat Super Soft Burrito Bag 8 Count - 20 Oz,($0.30 / Ounce),bread-bakery,"('Mission Carb Balance Tortillas Whole Wheat Super Soft Burrito Bag 8 Count ', ' 20 Oz')",True, 20 Oz,Mission Carb Balance Tortillas Whole Wheat Super Soft Burrito Bag 8 Count 
2952,Your Price $3.49 each,Entenmann's Little Bites Soft Baked Party Cake Cookies - 6.88 Oz,($0.51 / Ounce),bread-bakery,"(""Entenmann's Little Bites Soft Baked Party Cake Cookies "", ' 6.88 Oz')",True, 6.88 Oz,Entenmann's Little Bites Soft Baked Party Cake Cookies 
2953,Your Price $5.99 each,Daves Killer Bread Everything Bagel Organic 5 Count - 16.75 Oz,($0.36 / Ounce),bread-bakery,"('Daves Killer Bread Everything Bagel Organic 5 Count ', ' 16.75 Oz')",True, 16.75 Oz,Daves Killer Bread Everything Bagel Organic 5 Count 
2954,Your Price $5.99 each,Daves Killer Bread Cinnamon Raisin Remix Bagel Organic 5 Count - 16.75 Oz,($0.36 / Ounce),bread-bakery,"('Daves Killer Bread Cinnamon Raisin Remix Bagel Organic 5 Count ', ' 16.75 Oz')",True, 16.75 Oz,Daves Killer Bread Cinnamon Raisin Remix Bagel Organic 5 Count 
2955,Your Price $4.29 each,Pepperidge Farm Bakery Classics Buns White Sliders - 12 Count,($0.29 / Ounce),bread-bakery,"('Pepperidge Farm Bakery Classics Buns White Sliders ', ' 12 Count')",True, 12 Count,Pepperidge Farm Bakery Classics Buns White Sliders 
2956,Your Price $4.29 each,Brownberry Vegetable Herb Cauliflower Sandwich Thin Rolls - 12 Oz,($0.72 / Count),bread-bakery,"('Brownberry Vegetable Herb Cauliflower Sandwich Thin Rolls ', ' 12 Oz')",True, 12 Oz,Brownberry Vegetable Herb Cauliflower Sandwich Thin Rolls 
2957,Your Price $7.99 each,Fall Assortment Of Pretzels And Candies In A Gift Pail - 8 OZ,($1.00 / Ounce),bread-bakery,"('Fall Assortment Of Pretzels And Candies In A Gift Pail ', ' 8 OZ')",True, 8 OZ,Fall Assortment Of Pretzels And Candies In A Gift Pail 
2958,Your Price $7.49 each,Cheerios Honey Nut Cereal Whole Grain Sweetened Real Honey Family Size - 18.8 Oz.,($0.40 / Ounce),breakfast-cereal,"('Cheerios Honey Nut Cereal Whole Grain Sweetened Real Honey Family Size ', ' 18.8 Oz.')",True, 18.8 Oz.,Cheerios Honey Nut Cereal Whole Grain Sweetened Real Honey Family Size 
2959,Your Price $7.49 each,Special K Breakfast Cereal Made with Real Strawberries Red Berries - 16.9 Oz,($0.44 / Ounce),breakfast-cereal,"('Special K Breakfast Cereal Made with Real Strawberries Red Berries ', ' 16.9 Oz')",True, 16.9 Oz,Special K Breakfast Cereal Made with Real Strawberries Red Berries 
2960,Your Price $7.99 each,Frosted Flakes 8 Vitamins and Minerals Original Breakfast Cereal - 24 Oz,($0.33 / Ounce),breakfast-cereal,"('Frosted Flakes 8 Vitamins and Minerals Original Breakfast Cereal ', ' 24 Oz')",True, 24 Oz,Frosted Flakes 8 Vitamins and Minerals Original Breakfast Cereal 
2961,Your Price $7.99 each,Kellogg's Frosted Mini Wheats High Fiber Original Breakfast Cereal - 29.5 Oz,($0.27 / Ounce),breakfast-cereal,"(""Kellogg's Frosted Mini Wheats High Fiber Original Breakfast Cereal "", ' 29.5 Oz')",True, 29.5 Oz,Kellogg's Frosted Mini Wheats High Fiber Original Breakfast Cereal 
2962,Your Price $6.99 each,General Mills Lucky Charms Cereal Oat Frosted Toasted With Marshmallows Large Size - 14.9 Oz,($0.47 / Ounce),breakfast-cereal,"('General Mills Lucky Charms Cereal Oat Frosted Toasted With Marshmallows Large Size ', ' 14.9 Oz')",True, 14.9 Oz,General Mills Lucky Charms Cereal Oat Frosted Toasted With Marshmallows Large Size 
2963,Your Price $7.99 each,Kellogg's Frosted Flakes 8 Vitamins and Minerals Original Breakfast Cereal - 28.5 Oz,($0.28 / Ounce),breakfast-cereal,"(""Kellogg's Frosted Flakes 8 Vitamins and Minerals Original Breakfast Cereal "", ' 28.5 Oz')",True, 28.5 Oz,Kellogg's Frosted Flakes 8 Vitamins and Minerals Original Breakfast Cereal 
2964,Your Price $7.99 each,Kellogg's Froot Loops Original Fruit Flavored Breakfast Cereal - 23 Oz,($0.35 / Ounce),breakfast-cereal,"(""Kellogg's Froot Loops Original Fruit Flavored Breakfast Cereal "", ' 23 Oz')",True, 23 Oz,Kellogg's Froot Loops Original Fruit Flavored Breakfast Cereal 
2965,Your Price $5.49 each,Pop-Tarts Toaster Pastries Breakfast Foods Frosted Strawberry 12 Count - 20.3 Oz,($0.27 / Ounce),breakfast-cereal,"('Pop Tarts Toaster Pastries Breakfast Foods Frosted Strawberry 12 Count', '20.3 Oz')",True,20.3 Oz,Pop Tarts Toaster Pastries Breakfast Foods Frosted Strawberry 12 Count
2966,Your Price $7.49 each,Chex Cereal Rice Gluten Free Oven Toasted Family Size - 18 Oz,($0.42 / Ounce),breakfast-cereal,"('Chex Cereal Rice Gluten Free Oven Toasted Family Size ', ' 18 Oz')",True, 18 Oz,Chex Cereal Rice Gluten Free Oven Toasted Family Size 
2967,Your Price $9.49 each,Post Honey Bunches of Oats Breakfast Cereal With Almonds Large Box - 28 Oz,($0.34 / Ounce),breakfast-cereal,"('Post Honey Bunches of Oats Breakfast Cereal With Almonds Large Box ', ' 28 Oz')",True, 28 Oz,Post Honey Bunches of Oats Breakfast Cereal With Almonds Large Box 
2968,Your Price $9.49 each,Post Honey Bunches of Oats Heart Healthy Honey Roasted Breakfast Cereal Large Box - 28 Oz,($0.34 / Ounce),breakfast-cereal,"('Post Honey Bunches of Oats Heart Healthy Honey Roasted Breakfast Cereal Large Box ', ' 28 Oz')",True, 28 Oz,Post Honey Bunches of Oats Heart Healthy Honey Roasted Breakfast Cereal Large Box 
2969,Your Price $6.49 each,Post Fruity PEBBLES Gluten Free Kids Snacks Breakfast Cereal - 11 Oz,($0.59 / Ounce),breakfast-cereal,"('Post Fruity PEBBLES Gluten Free Kids Snacks Breakfast Cereal ', ' 11 Oz')",True, 11 Oz,Post Fruity PEBBLES Gluten Free Kids Snacks Breakfast Cereal 
2970,Your Price $6.49 each,Raisin Bran High Fiber Original Crunch Breakfast Cereal - 22.5 Oz,($0.29 / Ounce),breakfast-cereal,"('Raisin Bran High Fiber Original Crunch Breakfast Cereal ', ' 22.5 Oz')",True, 22.5 Oz,Raisin Bran High Fiber Original Crunch Breakfast Cereal 
2971,Your Price $7.49 each,Special K Breakfast Cereal Made with Folic Acid B Vitamins and Iron Original - 18 Oz,($0.42 / Ounce),breakfast-cereal,"('Special K Breakfast Cereal Made with Folic Acid B Vitamins and Iron Original ', ' 18 Oz')",True, 18 Oz,Special K Breakfast Cereal Made with Folic Acid B Vitamins and Iron Original 
2972,Your Price $3.49 each,Signature SELECT Oatmeal Instant Maple & Brown Sugar - 10-1.51 Oz,($0.23 / Ounce),breakfast-cereal,"('Signature SELECT Oatmeal Instant Maple & Brown Sugar  ', '10-1.51 Oz')",True,10-1.51 Oz,Signature SELECT Oatmeal Instant Maple & Brown Sugar  
2973,Your Price $6.99 each,Pamelas Whenever Bars Oat Blueberry Lemon Gluten Free - 5-1.41 Oz,($0.99 / Ounce),breakfast-cereal,"('Pamelas Whenever Bars Oat Blueberry Lemon Gluten Free  ', '5-1.41 Oz')",True,5-1.41 Oz,Pamelas Whenever Bars Oat Blueberry Lemon Gluten Free  
2974,Your Price $8.99 each,Nature Valley Granola Bars Crunchy Oats n Honey Value Pack - 24-1.49 Oz,($0.51 / Ounce),breakfast-cereal,"('Nature Valley Granola Bars Crunchy Oats n Honey Value Pack  ', '24-1.49 Oz')",True,24-1.49 Oz,Nature Valley Granola Bars Crunchy Oats n Honey Value Pack  
2975,Your Price $6.99 each,Pamelas Whenever Bars Oat Chocolate Chip Coconut Gluten Free - 5-1.41 Oz,($0.99 / Ounce),breakfast-cereal,"('Pamelas Whenever Bars Oat Chocolate Chip Coconut Gluten Free  ', '5-1.41 Oz')",True,5-1.41 Oz,Pamelas Whenever Bars Oat Chocolate Chip Coconut Gluten Free  
2976,Your Price $4.99 each,Quaker Chewy Granola Bars Variety Pack Value Pack - 18-0.84 Oz,($0.33 / Ounce),breakfast-cereal,"('Quaker Chewy Granola Bars Variety Pack Value Pack  ', '18-0.84 Oz')",True,18-0.84 Oz,Quaker Chewy Granola Bars Variety Pack Value Pack  
2977,Your Price $10.99 each,Nature Valley Protein Bars Chewy Peanut Butter Dark Chocolate - 10-1.42 Oz,($0.77 / Ounce),breakfast-cereal,"('Nature Valley Protein Bars Chewy Peanut Butter Dark Chocolate  ', '10-1.42 Oz')",True,10-1.42 Oz,Nature Valley Protein Bars Chewy Peanut Butter Dark Chocolate  
2978,Your Price $10.99 each,Nature Valley Peanut Butter Dark Chocolate XL Protein Chewy Bars - 7-2.12 Oz,($0.74 / Ounce),breakfast-cereal,"('Nature Valley Peanut Butter Dark Chocolate XL Protein Chewy Bars  ', '7-2.12 Oz')",True,7-2.12 Oz,Nature Valley Peanut Butter Dark Chocolate XL Protein Chewy Bars  
2979,Your Price $3.99 each,Special K Pastry Crisps Breakfast Bars Strawberry 12 Count - 5.28 Oz,($0.76 / Ounce),breakfast-cereal,"('Special K Pastry Crisps Breakfast Bars Strawberry 12 Count ', ' 5.28 Oz')",True, 5.28 Oz,Special K Pastry Crisps Breakfast Bars Strawberry 12 Count 
2980,Your Price $7.99 each,Nutri-Grain Soft Baked Strawberry Whole Grains Breakfast Bars 16 Count - 20.8 Oz,($0.38 / Ounce),breakfast-cereal,"('Nutri Grain Soft Baked Strawberry Whole Grains Breakfast Bars 16 Count', '20.8 Oz')",True,20.8 Oz,Nutri Grain Soft Baked Strawberry Whole Grains Breakfast Bars 16 Count
2981,Your Price $8.49 each,Natures Bakery Fig Bar Stone Ground Whole Wheat Raspberry - 6-2 Oz,($0.71 / Ounce),breakfast-cereal,"('Natures Bakery Fig Bar Stone Ground Whole Wheat Raspberry  ', '6-2 Oz')",True,6-2 Oz,Natures Bakery Fig Bar Stone Ground Whole Wheat Raspberry  
2982,Your Price $4.99 each,belVita Breakfast Biscuits Sandwich Dark Chocolate Creme - 5-1.76 Oz,($0.57 / Ounce),breakfast-cereal,"('belVita Breakfast Biscuits Sandwich Dark Chocolate Creme  ', '5-1.76 Oz')",True,5-1.76 Oz,belVita Breakfast Biscuits Sandwich Dark Chocolate Creme  
2983,Your Price $4.99 each,Nature Valley Biscuits Cinnamon with Almond Butter Filling - 5-1.35 Oz,($0.74 / Ounce),breakfast-cereal,"('Nature Valley Biscuits Cinnamon with Almond Butter Filling  ', '5-1.35 Oz')",True,5-1.35 Oz,Nature Valley Biscuits Cinnamon with Almond Butter Filling  
2984,Your Price $8.49 each,Natures Bakery Fig Bar Stone Ground Whole Wheat Blueberry - 6-2 Oz,($0.71 / Ounce),breakfast-cereal,"('Natures Bakery Fig Bar Stone Ground Whole Wheat Blueberry  ', '6-2 Oz')",True,6-2 Oz,Natures Bakery Fig Bar Stone Ground Whole Wheat Blueberry  
2985,Your Price $5.99 each,Nature Valley Protein Bars Chewy Peanut Butter Dark Chocolate - 5-1.42 Oz,($0.84 / Ounce),breakfast-cereal,"('Nature Valley Protein Bars Chewy Peanut Butter Dark Chocolate  ', '5-1.42 Oz')",True,5-1.42 Oz,Nature Valley Protein Bars Chewy Peanut Butter Dark Chocolate  
2986,Your Price $3.99 each,Nutri-Grain Soft Baked Strawberry Whole Grains Breakfast Bars 8 Count - 10.4 Oz,($0.38 / Ounce),breakfast-cereal,"('Nutri Grain Soft Baked Strawberry Whole Grains Breakfast Bars 8 Count', '10.4 Oz')",True,10.4 Oz,Nutri Grain Soft Baked Strawberry Whole Grains Breakfast Bars 8 Count
2987,Your Price $7.99 each,Nutri-Grain Soft Baked Apple Cinnamon Whole Grains Breakfast Bars 16 Count - 20.8 Oz,($0.38 / Ounce),breakfast-cereal,"('Nutri Grain Soft Baked Apple Cinnamon Whole Grains Breakfast Bars 16 Count', '20.8 Oz')",True,20.8 Oz,Nutri Grain Soft Baked Apple Cinnamon Whole Grains Breakfast Bars 16 Count
2988,Your Price $8.49 each,Natures Bakery Fig Bar Stone Ground Whole Wheat Original Fig - 6-2 Oz,($0.71 / Ounce),breakfast-cereal,"('Natures Bakery Fig Bar Stone Ground Whole Wheat Original Fig  ', '6-2 Oz')",True,6-2 Oz,Natures Bakery Fig Bar Stone Ground Whole Wheat Original Fig  
2989,Your Price $7.99 each,Rice Krispies Kids Snacks Treats Crispy Marshmallow Squares 16 Count - 12.4 Oz,($0.64 / Ounce),breakfast-cereal,"('Rice Krispies Kids Snacks Treats Crispy Marshmallow Squares 16 Count ', ' 12.4 Oz')",True, 12.4 Oz,Rice Krispies Kids Snacks Treats Crispy Marshmallow Squares 16 Count 
2990,Your Price $4.99 each,belVita Soft Baked Banana Bread Breakfast Biscuits - 5-1.76 Oz,($0.57 / Ounce),breakfast-cereal,"('belVita Soft Baked Banana Bread Breakfast Biscuits  ', '5-1.76 Oz')",True,5-1.76 Oz,belVita Soft Baked Banana Bread Breakfast Biscuits  
2991,Your Price $3.99 each,Special K Pastry Crisps Breakfast Bars Blueberry 12 Count - 5.28 Oz,($0.76 / Ounce),breakfast-cereal,"('Special K Pastry Crisps Breakfast Bars Blueberry 12 Count ', ' 5.28 Oz')",True, 5.28 Oz,Special K Pastry Crisps Breakfast Bars Blueberry 12 Count 
2992,Your Price $3.49 each,Jones Dairy Farm Sausage All Natural Golden Brown Mild Pork Links 10 Count - 7 Oz,($0.50 / Ounce),breakfast-cereal,"('Jones Dairy Farm Sausage All Natural Golden Brown Mild Pork Links 10 Count ', ' 7 Oz')",True, 7 Oz,Jones Dairy Farm Sausage All Natural Golden Brown Mild Pork Links 10 Count 
2993,Your Price $11.99 each,Jimmy Dean Sausage Egg & Cheese Croissant Frozen Breakfast Sandwiches - 8 Count,($0.33 / Ounce),breakfast-cereal,"('Jimmy Dean Sausage Egg & Cheese Croissant Frozen Breakfast Sandwiches ', ' 8 Count')",True, 8 Count,Jimmy Dean Sausage Egg & Cheese Croissant Frozen Breakfast Sandwiches 
2994,Your Price $6.99 each,Hot Pockets Applewood Bacon Egg And Cheese Croissant Crust Sandwiches - 5 Count,($0.33 / Ounce),breakfast-cereal,"('Hot Pockets Applewood Bacon Egg And Cheese Croissant Crust Sandwiches ', ' 5 Count')",True, 5 Count,Hot Pockets Applewood Bacon Egg And Cheese Croissant Crust Sandwiches 
2995,Your Price $5.99 each,Jimmy Dean Sausage Egg & Cheese Croissant Frozen Breakfast Sandwiches - 4 Count,($0.33 / Ounce),breakfast-cereal,"('Jimmy Dean Sausage Egg & Cheese Croissant Frozen Breakfast Sandwiches ', ' 4 Count')",True, 4 Count,Jimmy Dean Sausage Egg & Cheese Croissant Frozen Breakfast Sandwiches 
2996,Your Price $6.99 each,Hot Pockets Sausage Egg And Cheese Croissant Crust Frozen Breakfast Sandwiches - 21.25 Oz,($0.33 / Ounce),breakfast-cereal,"('Hot Pockets Sausage Egg And Cheese Croissant Crust Frozen Breakfast Sandwiches ', ' 21.25 Oz')",True, 21.25 Oz,Hot Pockets Sausage Egg And Cheese Croissant Crust Frozen Breakfast Sandwiches 
2997,Your Price $11.99 each,El Monterey Signature Egg Sausage Cheese & Potato Breakfast Burritos 8 Count - 36 Oz,($0.33 / Ounce),breakfast-cereal,"('El Monterey Signature Egg Sausage Cheese & Potato Breakfast Burritos 8 Count ', ' 36 Oz')",True, 36 Oz,El Monterey Signature Egg Sausage Cheese & Potato Breakfast Burritos 8 Count 
2998,Your Price $3.99 each,Pillsbury Toaster Strudel Pastries Strawberry 6 Count - 11.7 Oz,($0.34 / Ounce),breakfast-cereal,"('Pillsbury Toaster Strudel Pastries Strawberry 6 Count ', ' 11.7 Oz')",True, 11.7 Oz,Pillsbury Toaster Strudel Pastries Strawberry 6 Count 
2999,Your Price $6.99 each,Signature Select Sandwich Croissant Sausag Egg Cheese - 17.6 OZ,($0.40 / Ounce),breakfast-cereal,"('Signature Select Sandwich Croissant Sausag Egg Cheese ', ' 17.6 OZ')",True, 17.6 OZ,Signature Select Sandwich Croissant Sausag Egg Cheese 
3000,Your Price $8.49 each,Home Bake Veggie Italian Herb Cauliflower Frozen Entrees Sides - 15 Oz,($0.57 / Ounce),breakfast-cereal,"('Home Bake Veggie Italian Herb Cauliflower Frozen Entrees Sides ', ' 15 Oz')",True, 15 Oz,Home Bake Veggie Italian Herb Cauliflower Frozen Entrees Sides 
3001,Your Price $11.99 each,El Monterey Signature Egg Sausage & Cheese Breakfast Burritos 8 Count - 36 Oz,($0.33 / Ounce),breakfast-cereal,"('El Monterey Signature Egg Sausage & Cheese Breakfast Burritos 8 Count ', ' 36 Oz')",True, 36 Oz,El Monterey Signature Egg Sausage & Cheese Breakfast Burritos 8 Count 
3002,Your Price $11.99 each,Jimmy Dean Sausage Egg & Cheese Biscuit Frozen Breakfast Sandwiches - 8 Count,($0.33 / Ounce),breakfast-cereal,"('Jimmy Dean Sausage Egg & Cheese Biscuit Frozen Breakfast Sandwiches ', ' 8 Count')",True, 8 Count,Jimmy Dean Sausage Egg & Cheese Biscuit Frozen Breakfast Sandwiches 
3003,Your Price $6.99 each,Signature SELECT Sausage Egg Cheese Muffin Sandwich - 19.6 Oz,($0.36 / Count),breakfast-cereal,"('Signature SELECT Sausage Egg Cheese Muffin Sandwich ', ' 19.6 Oz')",True, 19.6 Oz,Signature SELECT Sausage Egg Cheese Muffin Sandwich 
3004,Your Price $2.50 each,Eggo Chocolatey Chip Frozen Breakfast Waffles 10 Count - 12.3 Oz,($0.20 / Ounce),breakfast-cereal,"('Eggo Chocolatey Chip Frozen Breakfast Waffles 10 Count ', ' 12.3 Oz')",True, 12.3 Oz,Eggo Chocolatey Chip Frozen Breakfast Waffles 10 Count 
3005,Your Price $7.99 each,Jimmy Dean Delights Turkey Sausage Egg White & Cheese English Muffin Sandwiches - 4 Count,($0.39 / Ounce),breakfast-cereal,"('Jimmy Dean Delights Turkey Sausage Egg White & Cheese English Muffin Sandwiches ', ' 4 Count')",True, 4 Count,Jimmy Dean Delights Turkey Sausage Egg White & Cheese English Muffin Sandwiches 
3006,Your Price $7.49 each,Eggo Cinnamon Toast Mini Frozen Breakfast Waffles 24 Count - 25.8 Oz,($0.29 / Ounce),breakfast-cereal,"('Eggo Cinnamon Toast Mini Frozen Breakfast Waffles 24 Count ', ' 25.8 Oz')",True, 25.8 Oz,Eggo Cinnamon Toast Mini Frozen Breakfast Waffles 24 Count 
3007,Your Price $4.29 each,Pearl Milling Company Complete Butter Milk Pancake Mix - 32 Oz,($0.13 / Ounce),breakfast-cereal,"('Pearl Milling Company Complete Butter Milk Pancake Mix ', ' 32 Oz')",True, 32 Oz,Pearl Milling Company Complete Butter Milk Pancake Mix 
3008,Your Price $5.99 each,Kodiak Cakes Flapjack and Waffle Mix Power Cakes Dark Chocolate Protein Packed Box - 18 Oz,($0.33 / Ounce),breakfast-cereal,"('Kodiak Cakes Flapjack and Waffle Mix Power Cakes Dark Chocolate Protein Packed Box ', ' 18 Oz')",True, 18 Oz,Kodiak Cakes Flapjack and Waffle Mix Power Cakes Dark Chocolate Protein Packed Box 
3009,Your Price $4.29 each,Capn Crunchs Pancake Mix Berrytastic Artificially Flavored - 1.5 Lb,($2.86 / Pound),breakfast-cereal,"('Capn Crunchs Pancake Mix Berrytastic Artificially Flavored ', ' 1.5 Lb')",True, 1.5 Lb,Capn Crunchs Pancake Mix Berrytastic Artificially Flavored 
3010,Your Price $5.99 each,Birch Benders Pancake & Waffle Mix Chocolate Chip Keto - 10 Oz,($0.60 / Ounce),breakfast-cereal,"('Birch Benders Pancake & Waffle Mix Chocolate Chip Keto ', ' 10 Oz')",True, 10 Oz,Birch Benders Pancake & Waffle Mix Chocolate Chip Keto 
3011,Your Price $6.99 each,Bob's Red Mill Gluten Free Large Flake Nutritional Yeast - 5 Oz,($1.40 / Ounce),breakfast-cereal,"(""Bob's Red Mill Gluten Free Large Flake Nutritional Yeast "", ' 5 Oz')",True, 5 Oz,Bob's Red Mill Gluten Free Large Flake Nutritional Yeast 
3012,Your Price $5.99 each,Kodiak Cakes Power Cakes Flapjack & Waffle Mix Protein Packed Buttermilk - 20 Oz,($0.25 / Ounce),breakfast-cereal,"('Kodiak Cakes Power Cakes Flapjack & Waffle Mix Protein Packed Buttermilk ', ' 20 Oz')",True, 20 Oz,Kodiak Cakes Power Cakes Flapjack & Waffle Mix Protein Packed Buttermilk 
3013,Your Price $5.99 each,Mrs. Butterworth's Original Thick And Rich Pancake Syrup - 36 Oz,($0.17 / Fl.oz),breakfast-cereal,"(""Mrs. Butterworth's Original Thick And Rich Pancake Syrup "", ' 36 Oz')",True, 36 Oz,Mrs. Butterworth's Original Thick And Rich Pancake Syrup 
3014,Your Price $3.50 each,Mrs. Butterworth's Original Thick And Rich Pancake Syrup - 24 Oz,($0.15 / Fl.oz),breakfast-cereal,"(""Mrs. Butterworth's Original Thick And Rich Pancake Syrup "", ' 24 Oz')",True, 24 Oz,Mrs. Butterworth's Original Thick And Rich Pancake Syrup 
3015,Your Price $3.50 each,Mrs. Butterworth's Sugar Free Thick And Rich Pancake Syrup - 24 Oz,($0.15 / Fl.oz),breakfast-cereal,"(""Mrs. Butterworth's Sugar Free Thick And Rich Pancake Syrup "", ' 24 Oz')",True, 24 Oz,Mrs. Butterworth's Sugar Free Thick And Rich Pancake Syrup 
3016,Your Price $2.49 each,Signature SELECT Syrup Old Fashioned Made With Molasses + Brown Sugar Bottle - 24 Oz,($0.10 / Fl.oz),breakfast-cereal,"('Signature SELECT Syrup Old Fashioned Made With Molasses + Brown Sugar Bottle ', ' 24 Oz')",True, 24 Oz,Signature SELECT Syrup Old Fashioned Made With Molasses + Brown Sugar Bottle 
3017,Your Price $9.99 each,Signature Reserve Syrup Maple Bourbon Barrel Aged - 12.7 Fl. Oz.,($0.79 / Fl.oz),breakfast-cereal,"('Signature Reserve Syrup Maple Bourbon Barrel Aged ', ' 12.7 Fl. Oz.')",True, 12.7 Fl. Oz.,Signature Reserve Syrup Maple Bourbon Barrel Aged 
3018,Your Price $3.99 each,Pop-Tarts Toaster Pastries Breakfast Foods Frosted Strawberry 8 Count - 13.5 Oz,($0.30 / Ounce),breakfast-cereal,"('Pop Tarts Toaster Pastries Breakfast Foods Frosted Strawberry 8 Count', '13.5 Oz')",True,13.5 Oz,Pop Tarts Toaster Pastries Breakfast Foods Frosted Strawberry 8 Count
3019,Your Price $5.79 each,Nature's Path Organic Frosted Wildberry Acai Toaster Pastries - 6 Count,($0.53 / Ounce),breakfast-cereal,"(""Nature's Path Organic Frosted Wildberry Acai Toaster Pastries "", ' 6 Count')",True, 6 Count,Nature's Path Organic Frosted Wildberry Acai Toaster Pastries 
3020,Your Price $3.99 each,Pop-Tarts Frosted Brown Sugar Cinnamon Toaster Pastries 8 Count - 13.5 Oz,($0.30 / Ounce),breakfast-cereal,"('Pop Tarts Frosted Brown Sugar Cinnamon Toaster Pastries 8 Count', '13.5 Oz')",True,13.5 Oz,Pop Tarts Frosted Brown Sugar Cinnamon Toaster Pastries 8 Count
3021,Your Price $5.79 each,Nature's Path Organic Frosted Berry Strawberry Toaster Pastries - 6 Count,($0.53 / Ounce),breakfast-cereal,"(""Nature's Path Organic Frosted Berry Strawberry Toaster Pastries "", ' 6 Count')",True, 6 Count,Nature's Path Organic Frosted Berry Strawberry Toaster Pastries 
3022,Your Price $3.99 each,Pop-Tarts Toaster Pastries Breakfast Foods Frosted Cherry 8 Count - 13.5 Oz,($0.30 / Ounce),breakfast-cereal,"('Pop Tarts Toaster Pastries Breakfast Foods Frosted Cherry 8 Count', '13.5 Oz')",True,13.5 Oz,Pop Tarts Toaster Pastries Breakfast Foods Frosted Cherry 8 Count
3023,Your Price $5.49 each,Pop-Tarts Toaster Pastries Breakfast Foods Frosted Brown Sugar 12 Count - 20.3 Oz,($0.27 / Ounce),breakfast-cereal,"('Pop Tarts Toaster Pastries Breakfast Foods Frosted Brown Sugar 12 Count', '20.3 Oz')",True,20.3 Oz,Pop Tarts Toaster Pastries Breakfast Foods Frosted Brown Sugar 12 Count
3024,Your Price $3.99 each,Pop-Tarts Toaster Pastries Breakfast Foods Frosted Chocolate Fudge 8 Count - 13.5 Oz,($0.30 / Ounce),breakfast-cereal,"('Pop Tarts Toaster Pastries Breakfast Foods Frosted Chocolate Fudge 8 Count', '13.5 Oz')",True,13.5 Oz,Pop Tarts Toaster Pastries Breakfast Foods Frosted Chocolate Fudge 8 Count
3025,Your Price $3.99 each,Kellogg's Pop-Tarts Eggo Breakfast Foods Frosted Maple Flavor Toaster Pastries 8 Count - 13.5 Oz,($0.30 / Ounce),breakfast-cereal,"(""Kellogg's Pop Tarts Eggo Breakfast Foods Frosted Maple Flavor Toaster Pastries 8 Count"", '13.5 Oz')",True,13.5 Oz,Kellogg's Pop Tarts Eggo Breakfast Foods Frosted Maple Flavor Toaster Pastries 8 Count
3026,Your Price $3.99 each,Pop-Tarts Toaster Pastries Breakfast Foods Frosted Smores 8 Count - 13.5 Oz,($0.30 / Ounce),breakfast-cereal,"('Pop Tarts Toaster Pastries Breakfast Foods Frosted Smores 8 Count', '13.5 Oz')",True,13.5 Oz,Pop Tarts Toaster Pastries Breakfast Foods Frosted Smores 8 Count
3027,Your Price $3.99 each,Pop-Tarts Toaster Pastries Breakfast Foods Frosted Blueberry 8 Count - 13.5 Oz,($0.30 / Ounce),breakfast-cereal,"('Pop Tarts Toaster Pastries Breakfast Foods Frosted Blueberry 8 Count', '13.5 Oz')",True,13.5 Oz,Pop Tarts Toaster Pastries Breakfast Foods Frosted Blueberry 8 Count
3028,Your Price $4.99 each,Pop-Tarts Kids Snacks Frosted Strawberry Baked Pastry Bites 5 Count - 7 Oz,($0.71 / Ounce),breakfast-cereal,"('Pop Tarts Kids Snacks Frosted Strawberry Baked Pastry Bites 5 Count', '7 Oz')",True,7 Oz,Pop Tarts Kids Snacks Frosted Strawberry Baked Pastry Bites 5 Count
3029,Your Price $5.49 each,Pop-Tarts Toaster Pastries Breakfast Foods Frosted Smores 12 Count - 20.3 Oz,($0.27 / Ounce),breakfast-cereal,"('Pop Tarts Toaster Pastries Breakfast Foods Frosted Smores 12 Count', '20.3 Oz')",True,20.3 Oz,Pop Tarts Toaster Pastries Breakfast Foods Frosted Smores 12 Count
3030,Your Price $4.49 each,Birds Eye Green Goddess Veggies & Grains Frozen Vegetable Blend - 13 Oz,($0.35 / Ounce),breakfast-cereal,"('Birds Eye Green Goddess Veggies & Grains Frozen Vegetable Blend ', ' 13 Oz')",True, 13 Oz,Birds Eye Green Goddess Veggies & Grains Frozen Vegetable Blend 
3031,Your Price $4.99 each,Nature Valley Biscuits Honey with Peanut Butter Filling - 5-1.35 Oz,($0.74 / Ounce),breakfast-cereal,"('Nature Valley Biscuits Honey with Peanut Butter Filling  ', '5-1.35 Oz')",True,5-1.35 Oz,Nature Valley Biscuits Honey with Peanut Butter Filling  
3032,Your Price $4.29 each,Pop-Tarts Toaster Pastries Breakfast Foods Frosted Hot Fudge Sundae 8 Count - 13.5 Oz,($0.32 / Ounce),breakfast-cereal,"('Pop Tarts Toaster Pastries Breakfast Foods Frosted Hot Fudge Sundae 8 Count', '13.5 Oz')",True,13.5 Oz,Pop Tarts Toaster Pastries Breakfast Foods Frosted Hot Fudge Sundae 8 Count
3033,Your Price $4.99 each,Pop-Tarts Kids Snacks Frosted Chocolate Baked Pastry Bites 5 Count - 7 Oz,($0.71 / Ounce),breakfast-cereal,"('Pop Tarts Kids Snacks Frosted Chocolate Baked Pastry Bites 5 Count', '7 Oz')",True,7 Oz,Pop Tarts Kids Snacks Frosted Chocolate Baked Pastry Bites 5 Count
3034,Your Price $8.99 each,Pop-Tarts Toaster Pastries Frosted Hot Fudge Sundae 2 Count - 3.38 Oz,($0.62 / Ounce),breakfast-cereal,"('Pop Tarts Toaster Pastries Frosted Hot Fudge Sundae 2 Count', '3.38 Oz')",True,3.38 Oz,Pop Tarts Toaster Pastries Frosted Hot Fudge Sundae 2 Count
3035,Your Price $1.29 each,Pop-Tarts Toaster Pastries Breakfast Foods Frosted Strawberry 2 Count - 3.3 Oz,($0.39 / Ounce),breakfast-cereal,"('Pop Tarts Toaster Pastries Breakfast Foods Frosted Strawberry 2 Count', '3.3 Oz')",True,3.3 Oz,Pop Tarts Toaster Pastries Breakfast Foods Frosted Strawberry 2 Count
3036,Your Price $9.99 each,Carnation Breakfast Essentials Nutritional Milk Chocolate Powder Drink Mix - 17.7 Oz,($0.56 / Ounce),breakfast-cereal,"('Carnation Breakfast Essentials Nutritional Milk Chocolate Powder Drink Mix ', ' 17.7 Oz')",True, 17.7 Oz,Carnation Breakfast Essentials Nutritional Milk Chocolate Powder Drink Mix 
3037,Your Price $9.99 each,Carnation Breakfast Essentials Nutritional Rich Milk Chocolate Breakfast Drink - 6-8 Fl. Oz.,($0.21 / Fl.oz),breakfast-cereal,"('Carnation Breakfast Essentials Nutritional Rich Milk Chocolate Breakfast Drink  ', '6-8 Fl. Oz.')",True,6-8 Fl. Oz.,Carnation Breakfast Essentials Nutritional Rich Milk Chocolate Breakfast Drink  
3038,Your Price $7.99 each,Carnation Breakfast Essentials Nutritional French Vanilla Powder Drink Mix - 10-1.26 Oz,($0.63 / Ounce),breakfast-cereal,"('Carnation Breakfast Essentials Nutritional French Vanilla Powder Drink Mix  ', '10-1.26 Oz')",True,10-1.26 Oz,Carnation Breakfast Essentials Nutritional French Vanilla Powder Drink Mix  
3039,Your Price $7.99 each,Carnation Breakfast Essentials Nutritional Milk Chocolate Powder Drink Mix - 10-1.26 Oz,($0.63 / Ounce),breakfast-cereal,"('Carnation Breakfast Essentials Nutritional Milk Chocolate Powder Drink Mix  ', '10-1.26 Oz')",True,10-1.26 Oz,Carnation Breakfast Essentials Nutritional Milk Chocolate Powder Drink Mix  
3040,Your Price $18.99 each,Carnation Breakfast Essentials Chocolate Rtd Carton 12pk - 12 CT,($1.58 / Count),breakfast-cereal,"('Carnation Breakfast Essentials Chocolate Rtd Carton 12pk ', ' 12 CT')",True, 12 CT,Carnation Breakfast Essentials Chocolate Rtd Carton 12pk 
3041,Your Price $10.99 each,Carnation Breakfast Essentials Cinnabon Rtd Carton 6pk - 48 FZ,($0.23 / Fl.oz),breakfast-cereal,"('Carnation Breakfast Essentials Cinnabon Rtd Carton 6pk ', ' 48 FZ')",True, 48 FZ,Carnation Breakfast Essentials Cinnabon Rtd Carton 6pk 
3042,Your Price $18.99 each,Carnation Breakfast Essentials High Protein Vanilla Rtd Carton 12pk - 12 CT,($1.58 / Count),breakfast-cereal,"('Carnation Breakfast Essentials High Protein Vanilla Rtd Carton 12pk ', ' 12 CT')",True, 12 CT,Carnation Breakfast Essentials High Protein Vanilla Rtd Carton 12pk 
3043,Your Price $18.99 each,Carnation Breakfast Essentials Vanilla Rtd Carton 12pk - 12 CT,($1.58 / Count),breakfast-cereal,"('Carnation Breakfast Essentials Vanilla Rtd Carton 12pk ', ' 12 CT')",True, 12 CT,Carnation Breakfast Essentials Vanilla Rtd Carton 12pk 
3044,Your Price $1.67 each,Progresso Rich & Hearty Soup Chicken & Homestyle Noodles - 19 Oz,($0.09 / Ounce),canned-goods-soups,"('Progresso Rich & Hearty Soup Chicken & Homestyle Noodles ', ' 19 Oz')",True, 19 Oz,Progresso Rich & Hearty Soup Chicken & Homestyle Noodles 
3045,Your Price $2.00 each,Campbells Well Yes! Soup Sipping Butternut Squash & Sweet Potato Jar - 11.1 Oz,($0.18 / Ounce),canned-goods-soups,"('Campbells Well Yes! Soup Sipping Butternut Squash & Sweet Potato Jar ', ' 11.1 Oz')",True, 11.1 Oz,Campbells Well Yes! Soup Sipping Butternut Squash & Sweet Potato Jar 
3046,Your Price $3.29 each,Campbells Chunky Healthy Request Soup Chicken Noodle - 18.6 Oz,($0.18 / Ounce),canned-goods-soups,"('Campbells Chunky Healthy Request Soup Chicken Noodle ', ' 18.6 Oz')",True, 18.6 Oz,Campbells Chunky Healthy Request Soup Chicken Noodle 
3047,Your Price $3.29 each,Campbells Chunky Soup Sirloin Burger with Country Vegetables - 15.25 Oz,($0.22 / Ounce),canned-goods-soups,"('Campbells Chunky Soup Sirloin Burger with Country Vegetables ', ' 15.25 Oz')",True, 15.25 Oz,Campbells Chunky Soup Sirloin Burger with Country Vegetables 
3048,Your Price $3.29 each,Maruchan Instant Lunch Ramen Noodle Soup Chicken Flavor - 6-2.25 Oz,($0.24 / Ounce),canned-goods-soups,"('Maruchan Instant Lunch Ramen Noodle Soup Chicken Flavor  ', '6-2.25 Oz')",True,6-2.25 Oz,Maruchan Instant Lunch Ramen Noodle Soup Chicken Flavor  
3049,Your Price $1.67 each,Progresso Rich & Hearty Soup New England Clam Chowder - 18.5 Oz,($0.09 / Ounce),canned-goods-soups,"('Progresso Rich & Hearty Soup New England Clam Chowder ', ' 18.5 Oz')",True, 18.5 Oz,Progresso Rich & Hearty Soup New England Clam Chowder 
3050,Your Price $3.79 each,Campbells Soup Condensed Cream Of Mushroom Family Size - 26 Oz,($0.17 / Ounce),canned-goods-soups,"('Campbells Soup Condensed Cream Of Mushroom Family Size ', ' 26 Oz')",True, 26 Oz,Campbells Soup Condensed Cream Of Mushroom Family Size 
3051,Your Price $1.25 each,Rotel Mexican Style Lime And Cilantro Diced Tomatoes And Green Chilies - 10 Oz,($0.13 / Ounce),canned-goods-soups,"('Rotel Mexican Style Lime And Cilantro Diced Tomatoes And Green Chilies ', ' 10 Oz')",True, 10 Oz,Rotel Mexican Style Lime And Cilantro Diced Tomatoes And Green Chilies 
3052,Your Price $1.99 each,Signature SELECT Tomatoes Fire Roasted with Garlic Diced - 14.5 Oz,($0.14 / Ounce),canned-goods-soups,"('Signature SELECT Tomatoes Fire Roasted with Garlic Diced ', ' 14.5 Oz')",True, 14.5 Oz,Signature SELECT Tomatoes Fire Roasted with Garlic Diced 
3053,Your Price $2.29 each,Signature SELECT Tomatoes Crushed in Rich Puree No Salt Added - 28 Oz,($0.08 / Ounce),canned-goods-soups,"('Signature SELECT Tomatoes Crushed in Rich Puree No Salt Added ', ' 28 Oz')",True, 28 Oz,Signature SELECT Tomatoes Crushed in Rich Puree No Salt Added 
3054,Your Price $1.29 each,Signature SELECT Tomatoes Diced Petite With Green Chilies - 14.5 Oz,($0.09 / Ounce),canned-goods-soups,"('Signature SELECT Tomatoes Diced Petite With Green Chilies ', ' 14.5 Oz')",True, 14.5 Oz,Signature SELECT Tomatoes Diced Petite With Green Chilies 
3055,Your Price $6.99 each,Del Monte Corn Whole Kernel Golden Sweet Value Pack - 4-15.25 Oz,($0.11 / Ounce),canned-goods-soups,"('Del Monte Corn Whole Kernel Golden Sweet Value Pack  ', '4-15.25 Oz')",True,4-15.25 Oz,Del Monte Corn Whole Kernel Golden Sweet Value Pack  
3056,Your Price $2.29 each,Del Monte Fresh Cut Green Beans Blue Lake French Style - 14.5 Oz,($0.16 / Ounce),canned-goods-soups,"('Del Monte Fresh Cut Green Beans Blue Lake French Style ', ' 14.5 Oz')",True, 14.5 Oz,Del Monte Fresh Cut Green Beans Blue Lake French Style 
3057,Your Price $2.29 each,Del Monte Fresh Cut Corn Whole Kernel Golden Sweet No Salt Added - 15.25 Oz,($0.15 / Ounce),canned-goods-soups,"('Del Monte Fresh Cut Corn Whole Kernel Golden Sweet No Salt Added ', ' 15.25 Oz')",True, 15.25 Oz,Del Monte Fresh Cut Corn Whole Kernel Golden Sweet No Salt Added 
3058,Your Price $2.49 each,Del Monte Harvest Selects Beans Green Blue Lake Whole with Natural Sea Salt - 14.5 Oz,($0.17 / Ounce),canned-goods-soups,"('Del Monte Harvest Selects Beans Green Blue Lake Whole with Natural Sea Salt ', ' 14.5 Oz')",True, 14.5 Oz,Del Monte Harvest Selects Beans Green Blue Lake Whole with Natural Sea Salt 
3059,Your Price $1.67 each,Signature SELECT Green Chiles Fire Roasted Diced Mild Can - 7 Oz,($0.24 / Ounce),canned-goods-soups,"('Signature SELECT Green Chiles Fire Roasted Diced Mild Can ', ' 7 Oz')",True, 7 Oz,Signature SELECT Green Chiles Fire Roasted Diced Mild Can 
3060,Your Price $2.49 each,Del Monte Corn Whole Kernel Blend Fire-Roasted with Natural Sea Salt - 14.75 Oz,($0.17 / Ounce),canned-goods-soups,"('Del Monte Corn Whole Kernel Blend Fire Roasted with Natural Sea Salt', '14.75 Oz')",True,14.75 Oz,Del Monte Corn Whole Kernel Blend Fire Roasted with Natural Sea Salt
3061,Your Price $1.99 each,StarKist Selects Evoo Tuna Yellowfin in Extra Virgin Olive Oil - 2.6 Oz,($0.77 / Ounce),canned-goods-soups,"('StarKist Selects Evoo Tuna Yellowfin in Extra Virgin Olive Oil ', ' 2.6 Oz')",True, 2.6 Oz,StarKist Selects Evoo Tuna Yellowfin in Extra Virgin Olive Oil 
3062,Your Price $1.99 each,Chicken of the Sea Solid White Tuna in Water Chunk Style - 5 Oz,($0.40 / Ounce),canned-goods-soups,"('Chicken of the Sea Solid White Tuna in Water Chunk Style ', ' 5 Oz')",True, 5 Oz,Chicken of the Sea Solid White Tuna in Water Chunk Style 
3063,Your Price $3.49 each,Chicken of the Sea Chunk Light Tuna in Water Chunk Style - 12 Oz,($0.29 / Ounce),canned-goods-soups,"('Chicken of the Sea Chunk Light Tuna in Water Chunk Style ', ' 12 Oz')",True, 12 Oz,Chicken of the Sea Chunk Light Tuna in Water Chunk Style 
3064,Your Price $4.99 each,Chicken of the Sea Tuna Albacore Solid White in Water - 12 Oz,($0.42 / Ounce),canned-goods-soups,"('Chicken of the Sea Tuna Albacore Solid White in Water ', ' 12 Oz')",True, 12 Oz,Chicken of the Sea Tuna Albacore Solid White in Water 
3065,Your Price $2.99 each,Chicken of the Sea Salmon Pink Premium Wild-Caught Skinless & Boneless - 5 Oz,($0.60 / Ounce),canned-goods-soups,"('Chicken of the Sea Salmon Pink Premium Wild Caught Skinless & Boneless', '5 Oz')",True,5 Oz,Chicken of the Sea Salmon Pink Premium Wild Caught Skinless & Boneless
3066,Your Price $1.49 each,Chicken of the Sea Chunk Light Tuna in Water Chunk Style - 5 Oz,($0.30 / Ounce),canned-goods-soups,"('Chicken of the Sea Chunk Light Tuna in Water Chunk Style ', ' 5 Oz')",True, 5 Oz,Chicken of the Sea Chunk Light Tuna in Water Chunk Style 
3067,Your Price $4.49 each,Swanson Natural Goodness Broth Chicken 33% Less Sodium - 48 Oz,($0.09 / Ounce),canned-goods-soups,"('Swanson Natural Goodness Broth Chicken 33% Less Sodium ', ' 48 Oz')",True, 48 Oz,Swanson Natural Goodness Broth Chicken 33% Less Sodium 
3068,Your Price $6.99 each,Pacific Foods Organic Broth Vegetable Low Sodium - 32 Fl. Oz.,($0.22 / Fl.oz),canned-goods-soups,"('Pacific Foods Organic Broth Vegetable Low Sodium ', ' 32 Fl. Oz.')",True, 32 Fl. Oz.,Pacific Foods Organic Broth Vegetable Low Sodium 
3069,Your Price $6.99 each,Pacific Organic Broth Chicken Free Range Low Soidum - 32 Fl. Oz.,($0.22 / Fl.oz),canned-goods-soups,"('Pacific Organic Broth Chicken Free Range Low Soidum ', ' 32 Fl. Oz.')",True, 32 Fl. Oz.,Pacific Organic Broth Chicken Free Range Low Soidum 
3070,Your Price $3.49 each,Swanson Natural Goodness Chicken Broth 33% Less Sodium - 32 Oz,($0.11 / Ounce),canned-goods-soups,"('Swanson Natural Goodness Chicken Broth 33% Less Sodium ', ' 32 Oz')",True, 32 Oz,Swanson Natural Goodness Chicken Broth 33% Less Sodium 
3071,Your Price $3.49 each,Signature SELECT Broth Chicken Reduced Sodium Value Size - 48 Oz,($0.07 / Ounce),canned-goods-soups,"('Signature SELECT Broth Chicken Reduced Sodium Value Size ', ' 48 Oz')",True, 48 Oz,Signature SELECT Broth Chicken Reduced Sodium Value Size 
3072,Your Price $1.79 each,Campbells SpaghettiOs Pasta with Meatballs in Tomato Sauce A to Zs - 15.6 Oz,($0.11 / Ounce),canned-goods-soups,"('Campbells SpaghettiOs Pasta with Meatballs in Tomato Sauce A to Zs ', ' 15.6 Oz')",True, 15.6 Oz,Campbells SpaghettiOs Pasta with Meatballs in Tomato Sauce A to Zs 
3073,Your Price $1.79 each,Campbells SpaghettiOs Pasta in Tomato and Cheese Sauce Original - 15.8 Oz,($0.11 / Ounce),canned-goods-soups,"('Campbells SpaghettiOs Pasta in Tomato and Cheese Sauce Original ', ' 15.8 Oz')",True, 15.8 Oz,Campbells SpaghettiOs Pasta in Tomato and Cheese Sauce Original 
3074,Your Price $2.79 each,Hormel Compleats Microwave Meals Homestyle Chicken Alfredo - 10 Oz,($0.28 / Ounce),canned-goods-soups,"('Hormel Compleats Microwave Meals Homestyle Chicken Alfredo ', ' 10 Oz')",True, 10 Oz,Hormel Compleats Microwave Meals Homestyle Chicken Alfredo 
3075,Your Price $1.79 each,Signature SELECT Mandarin Oranges Whole Segments in Light Syrup - 11 Oz,($0.16 / Ounce),canned-goods-soups,"('Signature SELECT Mandarin Oranges Whole Segments in Light Syrup ', ' 11 Oz')",True, 11 Oz,Signature SELECT Mandarin Oranges Whole Segments in Light Syrup 
3076,Your Price $1.59 each,Signature SELECT Pear Slices Bartlett in 100% Pear Juice - 15 Oz,($0.11 / Ounce),canned-goods-soups,"('Signature SELECT Pear Slices Bartlett in 100% Pear Juice ', ' 15 Oz')",True, 15 Oz,Signature SELECT Pear Slices Bartlett in 100% Pear Juice 
3077,Your Price $1.99 each,Signature SELECT Pineapple Chunks in 100% Pineapple Juice - 20 Oz,($0.10 / Ounce),canned-goods-soups,"('Signature SELECT Pineapple Chunks in 100% Pineapple Juice ', ' 20 Oz')",True, 20 Oz,Signature SELECT Pineapple Chunks in 100% Pineapple Juice 
3078,Your Price $1.99 each,Signature SELECT Pineapple Slices in 100% Pineapple Juice - 20 Oz,($0.10 / Ounce),canned-goods-soups,"('Signature SELECT Pineapple Slices in 100% Pineapple Juice ', ' 20 Oz')",True, 20 Oz,Signature SELECT Pineapple Slices in 100% Pineapple Juice 
3079,Your Price $14.99 each,Signature Select Chicken Breast Chunk In Water Family Pk - 6-9.75 OZ,($0.26 / Ounce),canned-goods-soups,"('Signature Select Chicken Breast Chunk In Water Family Pk  ', '6-9.75 OZ')",True,6-9.75 OZ,Signature Select Chicken Breast Chunk In Water Family Pk  
3080,Your Price $3.50 each,Swanson Chicken Breast Premium Chunk White with Rib Meat - 12.5 Oz,($0.28 / Ounce),canned-goods-soups,"('Swanson Chicken Breast Premium Chunk White with Rib Meat ', ' 12.5 Oz')",True, 12.5 Oz,Swanson Chicken Breast Premium Chunk White with Rib Meat 
3081,Your Price $3.00 each,Valley Fresh Chicken Breast 100% Natural with Rib Meat in Broth - 10 Oz,($0.30 / Ounce),canned-goods-soups,"('Valley Fresh Chicken Breast 100% Natural with Rib Meat in Broth ', ' 10 Oz')",True, 10 Oz,Valley Fresh Chicken Breast 100% Natural with Rib Meat in Broth 
3082,Your Price $2.99 each,Signature SELECT Chicken Breast Chunk with Rib Meat in Water - 9.75 Oz,($0.31 / Ounce),canned-goods-soups,"('Signature SELECT Chicken Breast Chunk with Rib Meat in Water ', ' 9.75 Oz')",True, 9.75 Oz,Signature SELECT Chicken Breast Chunk with Rib Meat in Water 
3083,Your Price $1.99 each,Signature SELECT Chicken Breast Chunk with Rib Meat in Water - 4.5 Oz,($0.44 / Ounce),canned-goods-soups,"('Signature SELECT Chicken Breast Chunk with Rib Meat in Water ', ' 4.5 Oz')",True, 4.5 Oz,Signature SELECT Chicken Breast Chunk with Rib Meat in Water 
3084,Your Price $1.19 each,Libby's Chicken Vienna Sausage In Chicken Broth Canned Sausage - 4.6 Oz,($0.26 / Ounce),canned-goods-soups,"(""Libby's Chicken Vienna Sausage In Chicken Broth Canned Sausage "", ' 4.6 Oz')",True, 4.6 Oz,Libby's Chicken Vienna Sausage In Chicken Broth Canned Sausage 
3085,Your Price $2.29 each,Valley Fresh Chicken Breast 100% Natural with Rib Meat in Broth - 5 Oz,($0.46 / Ounce),canned-goods-soups,"('Valley Fresh Chicken Breast 100% Natural with Rib Meat in Broth ', ' 5 Oz')",True, 5 Oz,Valley Fresh Chicken Breast 100% Natural with Rib Meat in Broth 
3086,Your Price $2.19 each,Bumble Bee Snack On The Run Chicken Salad with Crackers - 3.5 Oz,($0.63 / Ounce),canned-goods-soups,"('Bumble Bee Snack On The Run Chicken Salad with Crackers ', ' 3.5 Oz')",True, 3.5 Oz,Bumble Bee Snack On The Run Chicken Salad with Crackers 
3087,Your Price $1.19 each,Libby's Vienna Sausage In Chicken Broth Canned Sausage - 4.6 Oz,($0.26 / Ounce),canned-goods-soups,"(""Libby's Vienna Sausage In Chicken Broth Canned Sausage "", ' 4.6 Oz')",True, 4.6 Oz,Libby's Vienna Sausage In Chicken Broth Canned Sausage 
3088,Your Price $3.99 each,Valley Fresh Chicken Breast Organic with Rib Meat in Water - 5 Oz,($0.80 / Ounce),canned-goods-soups,"('Valley Fresh Chicken Breast Organic with Rib Meat in Water ', ' 5 Oz')",True, 5 Oz,Valley Fresh Chicken Breast Organic with Rib Meat in Water 
3089,Your Price $4.99 each,A Taste of Thai Specialty Food Dinner Kit Green Curry - 16 Oz,($0.31 / Ounce),canned-goods-soups,"('A Taste of Thai Specialty Food Dinner Kit Green Curry ', ' 16 Oz')",True, 16 Oz,A Taste of Thai Specialty Food Dinner Kit Green Curry 
3090,Your Price $4.49 each,Bobs Red Mill Grains Of Discovery Organic Quinoa White Whole Grain Gluten Free - 26 Oz,($0.31 / Ounce),condiments-spice-bake,"('Bobs Red Mill Grains Of Discovery Organic Quinoa White Whole Grain Gluten Free ', ' 26 Oz')",True, 26 Oz,Bobs Red Mill Grains Of Discovery Organic Quinoa White Whole Grain Gluten Free 
3091,Your Price $7.49 each,Signature SELECT Flour All Purpose Pre-Sifted Enriched Bleached - 10 Lb,($0.05 / Ounce),condiments-spice-bake,"('Signature SELECT Flour All Purpose Pre Sifted Enriched Bleached', '10 Lb')",True,10 Lb,Signature SELECT Flour All Purpose Pre Sifted Enriched Bleached
3092,Your Price $2.99 each,Signature SELECT Flour All Purpose Pre-Sifted Enriched Bleached - 5 Lb,($0.04 / Ounce),condiments-spice-bake,"('Signature SELECT Flour All Purpose Pre Sifted Enriched Bleached', '5 Lb')",True,5 Lb,Signature SELECT Flour All Purpose Pre Sifted Enriched Bleached
3093,Your Price $7.69 each,King Arthur Baking Company Unbleached All Purpose Flour - 5 Lb,($1.54 / Pound),condiments-spice-bake,"('King Arthur Baking Company Unbleached All Purpose Flour ', ' 5 Lb')",True, 5 Lb,King Arthur Baking Company Unbleached All Purpose Flour 
3094,Your Price $4.49 each,Gold Medal Bleached Enriched Presifted All Purpose Flour - 5 Lb,($0.06 / Ounce),condiments-spice-bake,"('Gold Medal Bleached Enriched Presifted All Purpose Flour ', ' 5 Lb')",True, 5 Lb,Gold Medal Bleached Enriched Presifted All Purpose Flour 
3095,Your Price $4.99 each,Ghirardelli Premium Baking Semi-Sweet Chocolate Chips – 12 Oz.,($0.42 / Ounce),condiments-spice-bake,"('Ghirardelli Premium Baking Semi', 'Sweet Chocolate Chips – 12 Oz.')",True,Sweet Chocolate Chips – 12 Oz.,Ghirardelli Premium Baking Semi
3096,Your Price $2.99 each,Signature SELECT Flour All Purpose Pre-Sifted Enriched Unbleached - 5 Lb,($0.04 / Ounce),condiments-spice-bake,"('Signature SELECT Flour All Purpose Pre Sifted Enriched Unbleached', '5 Lb')",True,5 Lb,Signature SELECT Flour All Purpose Pre Sifted Enriched Unbleached
3097,Your Price $4.29 each,Toll House Butterscotch Artificially Flavored Morsels - 11 Oz,($0.39 / Ounce),condiments-spice-bake,"('Toll House Butterscotch Artificially Flavored Morsels ', ' 11 Oz')",True, 11 Oz,Toll House Butterscotch Artificially Flavored Morsels 
3098,Your Price $3.99 each,Kikkoman Soy Sauce Less Sodium All-Purpose Seasoning - 10 Fl. Oz.,($0.40 / Fl.oz),condiments-spice-bake,"('Kikkoman Soy Sauce Less Sodium All Purpose Seasoning', '10 Fl. Oz.')",True,10 Fl. Oz.,Kikkoman Soy Sauce Less Sodium All Purpose Seasoning
3099,Your Price $4.49 each,Lea & Perrins The Original Worcestershire Sauce Bottle - 10 Fl. Oz.,($0.45 / Fl.oz),condiments-spice-bake,"('Lea & Perrins The Original Worcestershire Sauce Bottle ', ' 10 Fl. Oz.')",True, 10 Fl. Oz.,Lea & Perrins The Original Worcestershire Sauce Bottle 
3100,Your Price $6.79 each,Frank's RedHot Original Cayenne Pepper Hot Sauce - 23 Fl. Oz.,($0.30 / Fl.oz),condiments-spice-bake,"(""Frank's RedHot Original Cayenne Pepper Hot Sauce "", ' 23 Fl. Oz.')",True, 23 Fl. Oz.,Frank's RedHot Original Cayenne Pepper Hot Sauce 
3101,Your Price $2.99 each,McCormick Slow Cooker Hearty Beef Stew Seasoning Mix - 1.5 Oz,($1.99 / Ounce),condiments-spice-bake,"('McCormick Slow Cooker Hearty Beef Stew Seasoning Mix ', ' 1.5 Oz')",True, 1.5 Oz,McCormick Slow Cooker Hearty Beef Stew Seasoning Mix 
3102,Your Price $6.69 each,McCormick Gourmet All Natural Ground Jamaican Allspice - 1.5 Oz,($4.46 / Ounce),condiments-spice-bake,"('McCormick Gourmet All Natural Ground Jamaican Allspice ', ' 1.5 Oz')",True, 1.5 Oz,McCormick Gourmet All Natural Ground Jamaican Allspice 
3103,Your Price $5.99 each,McCormick Garlic and Onion - Black Pepper and Sea Salt All Purpose Seasoning - 4.25 Oz,($1.41 / Ounce),condiments-spice-bake,"('McCormick Garlic and Onion  Black Pepper and Sea Salt All Purpose Seasoning', '4.25 Oz')",True,4.25 Oz,McCormick Garlic and Onion  Black Pepper and Sea Salt All Purpose Seasoning
3104,Your Price $4.50 each,Heinz Simply Tomato Ketchup with No Artificial Sweeteners Bottle - 31 Oz,($0.15 / Ounce),condiments-spice-bake,"('Heinz Simply Tomato Ketchup with No Artificial Sweeteners Bottle ', ' 31 Oz')",True, 31 Oz,Heinz Simply Tomato Ketchup with No Artificial Sweeteners Bottle 
3105,Your Price $5.00 each,Miracle Whip Mayo Like Dressing for a Keto and Low Carb Lifestyle Jar - 30 Fl. Oz.,($0.17 / Fl.oz),condiments-spice-bake,"('Miracle Whip Mayo Like Dressing for a Keto and Low Carb Lifestyle Jar ', ' 30 Fl. Oz.')",True, 30 Fl. Oz.,Miracle Whip Mayo Like Dressing for a Keto and Low Carb Lifestyle Jar 
3106,Your Price $16.99 each,Pompeian Olive Oil Organic Extra Virgin Full-Bodied Flavor - 32 Fl. Oz.,($0.53 / Ounce),condiments-spice-bake,"('Pompeian Olive Oil Organic Extra Virgin Full Bodied Flavor', '32 Fl. Oz.')",True,32 Fl. Oz.,Pompeian Olive Oil Organic Extra Virgin Full Bodied Flavor
3107,Your Price $11.49 each,California Olive Ranch Olive Oil Extra Virgin Everyday - 16.9 Oz,($0.68 / Fl.oz),condiments-spice-bake,"('California Olive Ranch Olive Oil Extra Virgin Everyday ', ' 16.9 Oz')",True, 16.9 Oz,California Olive Ranch Olive Oil Extra Virgin Everyday 
3108,Your Price $3.79 each,Signature SELECT Cooking Spray No Stick Olive Oil Extra Virgin Aerosol - 5 Oz,($0.76 / Ounce),condiments-spice-bake,"('Signature SELECT Cooking Spray No Stick Olive Oil Extra Virgin Aerosol ', ' 5 Oz')",True, 5 Oz,Signature SELECT Cooking Spray No Stick Olive Oil Extra Virgin Aerosol 
3109,Your Price $5.49 each,Primal Kitchen Dressing Green Goddess with Avocado Oil - 8 Fl. Oz.,($0.69 / Fl.oz),condiments-spice-bake,"('Primal Kitchen Dressing Green Goddess with Avocado Oil ', ' 8 Fl. Oz.')",True, 8 Fl. Oz.,Primal Kitchen Dressing Green Goddess with Avocado Oil 
3110,Your Price $3.99 each,BRIANNAS Dressing Home Style Vinaigrette Real French - 12 Fl. Oz.,($0.33 / Fl.oz),condiments-spice-bake,"('BRIANNAS Dressing Home Style Vinaigrette Real French ', ' 12 Fl. Oz.')",True, 12 Fl. Oz.,BRIANNAS Dressing Home Style Vinaigrette Real French 
3111,Your Price $5.49 each,Hidden Valley Original Ranch Salad Dressing To Go Cups - 8-1.5 Oz,($0.46 / Fl.oz),condiments-spice-bake,"('Hidden Valley Original Ranch Salad Dressing To Go Cups  ', '8-1.5 Oz')",True,8-1.5 Oz,Hidden Valley Original Ranch Salad Dressing To Go Cups  
3112,Your Price $2.99 each,Fresh Gourmet Crunchy Toppings Tortilla Strips Tri-Color - 3.5 Oz,($0.85 / Ounce),condiments-spice-bake,"('Fresh Gourmet Crunchy Toppings Tortilla Strips Tri Color', '3.5 Oz')",True,3.5 Oz,Fresh Gourmet Crunchy Toppings Tortilla Strips Tri Color
3113,Your Price $8.99 each,Hidden Valley Original Ranch Salad Dressing and Seasoning Mix - 8 Oz,($1.12 / Ounce),condiments-spice-bake,"('Hidden Valley Original Ranch Salad Dressing and Seasoning Mix ', ' 8 Oz')",True, 8 Oz,Hidden Valley Original Ranch Salad Dressing and Seasoning Mix 
3114,Your Price $3.99 each,Signature SELECT Salad Dressing & Seasoning Mix Italian Pack - 4-0.7 Oz,($1.43 / Ounce),condiments-spice-bake,"('Signature SELECT Salad Dressing & Seasoning Mix Italian Pack  ', '4-0.7 Oz')",True,4-0.7 Oz,Signature SELECT Salad Dressing & Seasoning Mix Italian Pack  
3115,Your Price $3.99 each,Kens Steak House Dressing Country French with Orange Blossom Honey - 16 Fl. Oz.,($0.25 / Fl.oz),condiments-spice-bake,"('Kens Steak House Dressing Country French with Orange Blossom Honey ', ' 16 Fl. Oz.')",True, 16 Fl. Oz.,Kens Steak House Dressing Country French with Orange Blossom Honey 
3116,Your Price $5.49 each,Primal Kitchen Dressing & Marinade With Avocado Oil Cilantro Lime - 8 Oz,($0.69 / Fl.oz),condiments-spice-bake,"('Primal Kitchen Dressing & Marinade With Avocado Oil Cilantro Lime ', ' 8 Oz')",True, 8 Oz,Primal Kitchen Dressing & Marinade With Avocado Oil Cilantro Lime 
3117,Your Price $5.99 each,Hidden Valley Original Ranch Salad Dressing and Seasoning Mix - 4 Count,($1.50 / Ounce),condiments-spice-bake,"('Hidden Valley Original Ranch Salad Dressing and Seasoning Mix ', ' 4 Count')",True, 4 Count,Hidden Valley Original Ranch Salad Dressing and Seasoning Mix 
3118,Your Price $3.29 each,Duncan Hines Signature Perfectly Moist Lemon Supreme Cake Mix - 15.25 Oz,($0.22 / Ounce),condiments-spice-bake,"('Duncan Hines Signature Perfectly Moist Lemon Supreme Cake Mix ', ' 15.25 Oz')",True, 15.25 Oz,Duncan Hines Signature Perfectly Moist Lemon Supreme Cake Mix 
3119,Your Price $8.99 each,Simple Mills Almond Flour Mix Chocolate Muffin & Cake - 10.4 Oz,($0.80 / Ounce),condiments-spice-bake,"('Simple Mills Almond Flour Mix Chocolate Muffin & Cake ', ' 10.4 Oz')",True, 10.4 Oz,Simple Mills Almond Flour Mix Chocolate Muffin & Cake 
3120,Your Price $3.29 each,Duncan Hines Signature Perfectly Moist Carrot Cake Mix - 15.25 Oz,($0.22 / Ounce),condiments-spice-bake,"('Duncan Hines Signature Perfectly Moist Carrot Cake Mix ', ' 15.25 Oz')",True, 15.25 Oz,Duncan Hines Signature Perfectly Moist Carrot Cake Mix 
3121,Your Price $2.49 each,Duncan Hines Perfectly Moist Classic Yellow Cake Mix - 15.25 Oz,($0.16 / Ounce),condiments-spice-bake,"('Duncan Hines Perfectly Moist Classic Yellow Cake Mix ', ' 15.25 Oz')",True, 15.25 Oz,Duncan Hines Perfectly Moist Classic Yellow Cake Mix 
3122,Your Price $2.49 each,Pillsbury Moist Supreme Cake Mix Premium Strawberry - 15.25 Oz,($0.16 / Ounce),condiments-spice-bake,"('Pillsbury Moist Supreme Cake Mix Premium Strawberry ', ' 15.25 Oz')",True, 15.25 Oz,Pillsbury Moist Supreme Cake Mix Premium Strawberry 
3123,Your Price $2.00 each,Betty Crocker Cake Mix Super Moist Favorites Yellow - 15.25 Oz,($0.13 / Ounce),condiments-spice-bake,"('Betty Crocker Cake Mix Super Moist Favorites Yellow ', ' 15.25 Oz')",True, 15.25 Oz,Betty Crocker Cake Mix Super Moist Favorites Yellow 
3124,Your Price $4.49 each,Pillsbury Zero Sugar Chocolate Fudge Flavored Brownie Mix - 12.35 Oz,($0.36 / Ounce),condiments-spice-bake,"('Pillsbury Zero Sugar Chocolate Fudge Flavored Brownie Mix ', ' 12.35 Oz')",True, 12.35 Oz,Pillsbury Zero Sugar Chocolate Fudge Flavored Brownie Mix 
3125,Your Price $2.49 each,Pillsbury Moist Supreme Cake Mix Premium Devils Food - 15.25 Oz,($0.16 / Ounce),condiments-spice-bake,"('Pillsbury Moist Supreme Cake Mix Premium Devils Food ', ' 15.25 Oz')",True, 15.25 Oz,Pillsbury Moist Supreme Cake Mix Premium Devils Food 
3126,Your Price $3.49 each,Graham Cracker Crumbs Delicious in Dessert Original - 13.5 Oz,($0.26 / Ounce),condiments-spice-bake,"('Graham Cracker Crumbs Delicious in Dessert Original ', ' 13.5 Oz')",True, 13.5 Oz,Graham Cracker Crumbs Delicious in Dessert Original 
3127,Your Price $3.29 each,Duncan Hines Signature Perfectly Moist Spice Cake Mix - 15.25 Oz,($0.22 / Ounce),condiments-spice-bake,"('Duncan Hines Signature Perfectly Moist Spice Cake Mix ', ' 15.25 Oz')",True, 15.25 Oz,Duncan Hines Signature Perfectly Moist Spice Cake Mix 
3128,Your Price $7.49 each,Mezzetta Olives Spanish Queen Super Colossal Pimiento Stuffed - 10 Oz,($0.75 / Ounce),condiments-spice-bake,"('Mezzetta Olives Spanish Queen Super Colossal Pimiento Stuffed ', ' 10 Oz')",True, 10 Oz,Mezzetta Olives Spanish Queen Super Colossal Pimiento Stuffed 
3129,Your Price $3.99 each,Vlasic Stackers Keto Friendly Kosher Dill Pickles - 24 Fl. Oz.,($0.17 / Fl.oz),condiments-spice-bake,"('Vlasic Stackers Keto Friendly Kosher Dill Pickles ', ' 24 Fl. Oz.')",True, 24 Fl. Oz.,Vlasic Stackers Keto Friendly Kosher Dill Pickles 
3130,Your Price $2.99 each,Signature SELECT Pickles Spears Kosher Dill Fresh Pack - 24 Fl. Oz.,($0.12 / Fl.oz),condiments-spice-bake,"('Signature SELECT Pickles Spears Kosher Dill Fresh Pack ', ' 24 Fl. Oz.')",True, 24 Fl. Oz.,Signature SELECT Pickles Spears Kosher Dill Fresh Pack 
3131,Your Price $3.49 each,Vlasic Keto Friendly Bread And Butter Pickle Chips - 24 Fl. Oz.,($0.15 / Fl.oz),condiments-spice-bake,"('Vlasic Keto Friendly Bread And Butter Pickle Chips ', ' 24 Fl. Oz.')",True, 24 Fl. Oz.,Vlasic Keto Friendly Bread And Butter Pickle Chips 
3132,Your Price $3.59 each,Duncan Hines Creamy Cream Cheese Flavored Cake Icing Frosting - 16 Oz,($0.22 / Ounce),condiments-spice-bake,"('Duncan Hines Creamy Cream Cheese Flavored Cake Icing Frosting ', ' 16 Oz')",True, 16 Oz,Duncan Hines Creamy Cream Cheese Flavored Cake Icing Frosting 
3133,Your Price $9.99 each,Wholesome Sweetener Low Glycemic Organic Raw Blue Agave - 23.5 Oz,($0.43 / Ounce),condiments-spice-bake,"('Wholesome Sweetener Low Glycemic Organic Raw Blue Agave ', ' 23.5 Oz')",True, 23.5 Oz,Wholesome Sweetener Low Glycemic Organic Raw Blue Agave 
3134,Your Price $12.99 each,Local Hive Honey Raw & Unfiltered Authentic Wildflower - 24 Oz,($0.54 / Ounce),condiments-spice-bake,"('Local Hive Honey Raw & Unfiltered Authentic Wildflower ', ' 24 Oz')",True, 24 Oz,Local Hive Honey Raw & Unfiltered Authentic Wildflower 
3135,Your Price $6.99 each,OREO Cookies Sandwich Double Stuff Chocolate Party Size - 26.7 Oz,($0.26 / Ounce),cookies-snacks-candy,"('OREO Cookies Sandwich Double Stuff Chocolate Party Size ', ' 26.7 Oz')",True, 26.7 Oz,OREO Cookies Sandwich Double Stuff Chocolate Party Size 
3136,Your Price $7.99 each,Pepperidge Farm Cookies Collection 7 Chocolate Varieties - 13 Oz,($0.61 / Ounce),cookies-snacks-candy,"('Pepperidge Farm Cookies Collection 7 Chocolate Varieties ', ' 13 Oz')",True, 13 Oz,Pepperidge Farm Cookies Collection 7 Chocolate Varieties 
3137,Your Price $5.99 each,OREO Double Stuf Sandwich Cookies Chocolate Family Size - 20 Oz,($0.30 / Ounce),cookies-snacks-candy,"('OREO Double Stuf Sandwich Cookies Chocolate Family Size ', ' 20 Oz')",True, 20 Oz,OREO Double Stuf Sandwich Cookies Chocolate Family Size 
3138,Your Price $5.99 each,Kodiak Cakes Bear Bites Crackers Frontier Graham Honey - 9 Oz,($0.67 / Ounce),cookies-snacks-candy,"('Kodiak Cakes Bear Bites Crackers Frontier Graham Honey ', ' 9 Oz')",True, 9 Oz,Kodiak Cakes Bear Bites Crackers Frontier Graham Honey 
3139,Your Price $11.99 each,NABISCO Cookies and Crackers Variety Pack Classic Mix - 20 Count,($0.60 / Ounce),cookies-snacks-candy,"('NABISCO Cookies and Crackers Variety Pack Classic Mix ', ' 20 Count')",True, 20 Count,NABISCO Cookies and Crackers Variety Pack Classic Mix 
3140,Your Price $5.99 each,OREO Double Stuf Sandwich Cookiess Golden Family Size - 20 Oz,($0.30 / Ounce),cookies-snacks-candy,"('OREO Double Stuf Sandwich Cookiess Golden Family Size ', ' 20 Oz')",True, 20 Oz,OREO Double Stuf Sandwich Cookiess Golden Family Size 
3141,Your Price $3.99 each,Pepperidge Farm Double Milk Chocolate Milano Cookies - 7.5 Oz,($0.53 / Ounce),cookies-snacks-candy,"('Pepperidge Farm Double Milk Chocolate Milano Cookies ', ' 7.5 Oz')",True, 7.5 Oz,Pepperidge Farm Double Milk Chocolate Milano Cookies 
3142,Your Price $5.99 each,Cape Cod Original Kettle Cooked Less Fat Potato Chips - 14 Oz,($0.43 / Ounce),cookies-snacks-candy,"('Cape Cod Original Kettle Cooked Less Fat Potato Chips ', ' 14 Oz')",True, 14 Oz,Cape Cod Original Kettle Cooked Less Fat Potato Chips 
3143,Your Price $5.99 each,Cape Cod Original Kettle Cooked Potato Chips Party Size - 14 Oz,($0.43 / Ounce),cookies-snacks-candy,"('Cape Cod Original Kettle Cooked Potato Chips Party Size ', ' 14 Oz')",True, 14 Oz,Cape Cod Original Kettle Cooked Potato Chips Party Size 
3144,Your Price $6.49 each,Cheetos Simply Puffs Cheese Flavored Snacks White Cheddar - 12 OZ,($0.54 / Ounce),cookies-snacks-candy,"('Cheetos Simply Puffs Cheese Flavored Snacks White Cheddar ', ' 12 OZ')",True, 12 OZ,Cheetos Simply Puffs Cheese Flavored Snacks White Cheddar 
3145,Your Price $5.49 each,Tostitos Tortilla Chips Restaurant Style Hint Of Lime - 11 OZ,($0.50 / Ounce),cookies-snacks-candy,"('Tostitos Tortilla Chips Restaurant Style Hint Of Lime ', ' 11 OZ')",True, 11 OZ,Tostitos Tortilla Chips Restaurant Style Hint Of Lime 
3146,Your Price $13.99 each,HERSHEYS Chocolate Candy Assortment Miniature Size Party Pack - 33.38 Oz,($0.42 / Ounce),cookies-snacks-candy,"('HERSHEYS Chocolate Candy Assortment Miniature Size Party Pack ', ' 33.38 Oz')",True, 33.38 Oz,HERSHEYS Chocolate Candy Assortment Miniature Size Party Pack 
3147,Your Price $13.99 each,HERSHEY'S Kisses Milk Chocolate Candy Bulk Party Pack - 35.8 Oz,($0.39 / Ounce),cookies-snacks-candy,"(""HERSHEY'S Kisses Milk Chocolate Candy Bulk Party Pack "", ' 35.8 Oz')",True, 35.8 Oz,HERSHEY'S Kisses Milk Chocolate Candy Bulk Party Pack 
3148,Your Price $6.79 each,Dove Promises Individually Wrapped Milk Chocolate Candy Bag - 8.46 Oz,($0.80 / Ounce),cookies-snacks-candy,"('Dove Promises Individually Wrapped Milk Chocolate Candy Bag ', ' 8.46 Oz')",True, 8.46 Oz,Dove Promises Individually Wrapped Milk Chocolate Candy Bag 
3149,Your Price $5.79 each,REESE'S Miniatures Milk Chocolate Peanut Butter Cups Candy Share Pack - 10.5 Oz,($0.55 / Ounce),cookies-snacks-candy,"(""REESE'S Miniatures Milk Chocolate Peanut Butter Cups Candy Share Pack "", ' 10.5 Oz')",True, 10.5 Oz,REESE'S Miniatures Milk Chocolate Peanut Butter Cups Candy Share Pack 
3150,Your Price $6.79 each,Dove Promises Individually Wrapped Dark Chocolate Candy Bag - 8.46 Oz,($0.80 / Ounce),cookies-snacks-candy,"('Dove Promises Individually Wrapped Dark Chocolate Candy Bag ', ' 8.46 Oz')",True, 8.46 Oz,Dove Promises Individually Wrapped Dark Chocolate Candy Bag 
3151,Your Price $6.49 each,Merci Finest Assorted Milk Chocolate Candy Gift Box - 7.04 Oz,($0.93 / Ounce),cookies-snacks-candy,"('Merci Finest Assorted Milk Chocolate Candy Gift Box ', ' 7.04 Oz')",True, 7.04 Oz,Merci Finest Assorted Milk Chocolate Candy Gift Box 
3152,Your Price $7.99 each,REESE'S Milk Chocolate Peanut Butter Cups Snack Size Candy Pantry Pack - 13.75 Oz,($0.58 / Ounce),cookies-snacks-candy,"(""REESE'S Milk Chocolate Peanut Butter Cups Snack Size Candy Pantry Pack "", ' 13.75 Oz')",True, 13.75 Oz,REESE'S Milk Chocolate Peanut Butter Cups Snack Size Candy Pantry Pack 
3153,Your Price $5.99 each,Ghirardelli Milk Chocolate Squares With Caramel Filling - 5.32 Oz,($1.13 / Ounce),cookies-snacks-candy,"('Ghirardelli Milk Chocolate Squares With Caramel Filling ', ' 5.32 Oz')",True, 5.32 Oz,Ghirardelli Milk Chocolate Squares With Caramel Filling 
3154,Your Price $2.99 each,HERSHEYS Candy Bar Special Dark Mildly Sweet Chocolate - 4.25 Oz,($0.70 / Ounce),cookies-snacks-candy,"('HERSHEYS Candy Bar Special Dark Mildly Sweet Chocolate ', ' 4.25 Oz')",True, 4.25 Oz,HERSHEYS Candy Bar Special Dark Mildly Sweet Chocolate 
3155,Your Price $4.50 each,HERSHEYS Nuggets Milk Chocolate With Almonds Share Pack - 10.1 Oz,($0.45 / Ounce),cookies-snacks-candy,"('HERSHEYS Nuggets Milk Chocolate With Almonds Share Pack ', ' 10.1 Oz')",True, 10.1 Oz,HERSHEYS Nuggets Milk Chocolate With Almonds Share Pack 
3156,Your Price $6.99 each,HERSHEY'S Milk Chocolate With Whole Almonds Candy Bars - 1.45 Oz,($0.80 / Ounce),cookies-snacks-candy,"(""HERSHEY'S Milk Chocolate With Whole Almonds Candy Bars "", ' 1.45 Oz')",True, 1.45 Oz,HERSHEY'S Milk Chocolate With Whole Almonds Candy Bars 
3157,Your Price $4.99 each,Simple Mills Crackers Almond Flour Farmhouse Cheddar - 4.25 Oz,($1.17 / Ounce),cookies-snacks-candy,"('Simple Mills Crackers Almond Flour Farmhouse Cheddar ', ' 4.25 Oz')",True, 4.25 Oz,Simple Mills Crackers Almond Flour Farmhouse Cheddar 
3158,Your Price $4.99 each,Simple Mills Crackers Almond Flour Sundried Tomato & Basil - 4.25 Oz,($1.17 / Ounce),cookies-snacks-candy,"('Simple Mills Crackers Almond Flour Sundried Tomato & Basil ', ' 4.25 Oz')",True, 4.25 Oz,Simple Mills Crackers Almond Flour Sundried Tomato & Basil 
3159,Your Price $4.99 each,Simple Mills Fine Ground Sea Salt Almond Flour Crackers - 4.25 Oz,($1.17 / Ounce),cookies-snacks-candy,"('Simple Mills Fine Ground Sea Salt Almond Flour Crackers ', ' 4.25 Oz')",True, 4.25 Oz,Simple Mills Fine Ground Sea Salt Almond Flour Crackers 
3160,Your Price $4.99 each,Simple Mills Crackers Almond Flour Rosemary & Sea Salt - 4.25 Oz,($1.17 / Ounce),cookies-snacks-candy,"('Simple Mills Crackers Almond Flour Rosemary & Sea Salt ', ' 4.25 Oz')",True, 4.25 Oz,Simple Mills Crackers Almond Flour Rosemary & Sea Salt 
3161,Your Price $5.99 each,Flavor Originals Chicken In A Biskit Original Baked Snack Crackers Family Size - 12 Oz,($0.50 / Ounce),cookies-snacks-candy,"('Flavor Originals Chicken In A Biskit Original Baked Snack Crackers Family Size ', ' 12 Oz')",True, 12 Oz,Flavor Originals Chicken In A Biskit Original Baked Snack Crackers Family Size 
3162,Your Price $8.99 each,Goldfish Crackers Baked Snack Flavor Blasted Xtra Cheddar Carton Bulk - 30 Oz,($0.30 / Ounce),cookies-snacks-candy,"('Goldfish Crackers Baked Snack Flavor Blasted Xtra Cheddar Carton Bulk ', ' 30 Oz')",True, 30 Oz,Goldfish Crackers Baked Snack Flavor Blasted Xtra Cheddar Carton Bulk 
3163,Your Price $5.99 each,Cheez-It Snapd Cheese Cracker Chips Thin Crisps Double Cheese - 7.5 Oz,($0.80 / Ounce),cookies-snacks-candy,"('Cheez It Snapd Cheese Cracker Chips Thin Crisps Double Cheese', '7.5 Oz')",True,7.5 Oz,Cheez It Snapd Cheese Cracker Chips Thin Crisps Double Cheese
3164,Your Price $4.49 each,Town House Flatbread Crisps Crackers Ready To Dip Snacks Italian Herb - 9.5 Oz,($0.47 / Ounce),cookies-snacks-candy,"('Town House Flatbread Crisps Crackers Ready To Dip Snacks Italian Herb ', ' 9.5 Oz')",True, 9.5 Oz,Town House Flatbread Crisps Crackers Ready To Dip Snacks Italian Herb 
3165,Your Price $4.99 each,Pepperidge Farm Family Size Cheddar Goldfish Crackers Bag - 10 Oz,($0.50 / Ounce),cookies-snacks-candy,"('Pepperidge Farm Family Size Cheddar Goldfish Crackers Bag ', ' 10 Oz')",True, 10 Oz,Pepperidge Farm Family Size Cheddar Goldfish Crackers Bag 
3166,Your Price $8.99 each,Orville Redenbachers Popping Corn Gourmet Movie Theater Butter - 12-3.29 Oz,($0.75 / Count),cookies-snacks-candy,"('Orville Redenbachers Popping Corn Gourmet Movie Theater Butter  ', '12-3.29 Oz')",True,12-3.29 Oz,Orville Redenbachers Popping Corn Gourmet Movie Theater Butter  
3167,Your Price $8.49 each,Orville Redenbacher's Gluten Free Original Gourmet Popcorn Kernels Jar - 30 Oz,($0.28 / Ounce),cookies-snacks-candy,"(""Orville Redenbacher's Gluten Free Original Gourmet Popcorn Kernels Jar "", ' 30 Oz')",True, 30 Oz,Orville Redenbacher's Gluten Free Original Gourmet Popcorn Kernels Jar 
3168,Your Price $3.49 each,Orville Redenbacher's Movie Theater Butter Microwave Popcorn Classic Bag - 6-3.29 Oz,($0.18 / Ounce),cookies-snacks-candy,"(""Orville Redenbacher's Movie Theater Butter Microwave Popcorn Classic Bag  "", '6-3.29 Oz')",True,6-3.29 Oz,Orville Redenbacher's Movie Theater Butter Microwave Popcorn Classic Bag  
3169,Your Price $3.49 each,Orville Redenbacher's Naturals Simply Salted Microwave Popcorn - 6 Count,($0.18 / Ounce),cookies-snacks-candy,"(""Orville Redenbacher's Naturals Simply Salted Microwave Popcorn "", ' 6 Count')",True, 6 Count,Orville Redenbacher's Naturals Simply Salted Microwave Popcorn 
3170,Your Price $3.99 each,Orville Redenbacher's Kettle Corn Microwave Popcorn Classic Bag - 3 Count,($0.41 / Ounce),cookies-snacks-candy,"(""Orville Redenbacher's Kettle Corn Microwave Popcorn Classic Bag "", ' 3 Count')",True, 3 Count,Orville Redenbacher's Kettle Corn Microwave Popcorn Classic Bag 
3171,Your Price $3.49 each,Orville Redenbacher's Movie Theater Butter Microwave Popcorn Single Serve Bag - 12-1.5 Oz,($0.19 / Ounce),cookies-snacks-candy,"(""Orville Redenbacher's Movie Theater Butter Microwave Popcorn Single Serve Bag  "", '12-1.5 Oz')",True,12-1.5 Oz,Orville Redenbacher's Movie Theater Butter Microwave Popcorn Single Serve Bag  
3172,Your Price $9.99 each,SkinnyPop Original and White Cheddar Popcorn Variety Pack - 14-0.5 Oz,($1.43 / Ounce),cookies-snacks-candy,"('SkinnyPop Original and White Cheddar Popcorn Variety Pack  ', '14-0.5 Oz')",True,14-0.5 Oz,SkinnyPop Original and White Cheddar Popcorn Variety Pack  
3173,Your Price $8.99 each,Pop Secret Microwave Popcorn Premium Extra Butter Pop-and-Serve-Bags Bonus Pack - 12-3.2 Oz,($0.23 / Ounce),cookies-snacks-candy,"('Pop Secret Microwave Popcorn Premium Extra Butter Pop andServeBags Bonus Pack', '12-3.2 Oz')",True,12-3.2 Oz,Pop Secret Microwave Popcorn Premium Extra Butter Pop andServeBags Bonus Pack
3174,Your Price $7.99 each,Pop Secret Microwave Popcorn Premium Movie Theater Butter Pop-and-Serve Bags - 6-3.2 Oz,($0.42 / Ounce),cookies-snacks-candy,"('Pop Secret Microwave Popcorn Premium Movie Theater Butter Pop andServe Bags', '6-3.2 Oz')",True,6-3.2 Oz,Pop Secret Microwave Popcorn Premium Movie Theater Butter Pop andServe Bags
3175,Your Price $8.99 each,Orville Redenbachers Popping Corn Gourmet Butter - 12-3.29 Oz,($0.75 / Count),cookies-snacks-candy,"('Orville Redenbachers Popping Corn Gourmet Butter  ', '12-3.29 Oz')",True,12-3.29 Oz,Orville Redenbachers Popping Corn Gourmet Butter  
3176,Your Price $8.49 each,Orville Redenbacher's Original Gourmet White Popcorn Kernels - 30 Oz,($0.28 / Ounce),cookies-snacks-candy,"(""Orville Redenbacher's Original Gourmet White Popcorn Kernels "", ' 30 Oz')",True, 30 Oz,Orville Redenbacher's Original Gourmet White Popcorn Kernels 
3177,Your Price $3.99 each,Starburst Favereds Fruit Chews Chewy Candy Sharing Size Bag - 15.6 Oz,($0.26 / Ounce),cookies-snacks-candy,"('Starburst Favereds Fruit Chews Chewy Candy Sharing Size Bag ', ' 15.6 Oz')",True, 15.6 Oz,Starburst Favereds Fruit Chews Chewy Candy Sharing Size Bag 
3178,Your Price $11.99 each,Red Vines Twists Bulk Candy Licorice Original Red Jar - 3.5 Lb,($0.21 / Ounce),cookies-snacks-candy,"('Red Vines Twists Bulk Candy Licorice Original Red Jar ', ' 3.5 Lb')",True, 3.5 Lb,Red Vines Twists Bulk Candy Licorice Original Red Jar 
3179,Your Price $3.99 each,Starburst Original Fruit Chews Chewy Candy Sharing Size Bag - 15.6 Oz,($0.26 / Ounce),cookies-snacks-candy,"('Starburst Original Fruit Chews Chewy Candy Sharing Size Bag ', ' 15.6 Oz')",True, 15.6 Oz,Starburst Original Fruit Chews Chewy Candy Sharing Size Bag 
3180,Your Price $2.29 each,Baby Bottle Pop Assorted Flavors Original Candy Lollipops with Dipping Powder - 1.1 Oz,($2.08 / Ounce),cookies-snacks-candy,"('Baby Bottle Pop Assorted Flavors Original Candy Lollipops with Dipping Powder ', ' 1.1 Oz')",True, 1.1 Oz,Baby Bottle Pop Assorted Flavors Original Candy Lollipops with Dipping Powder 
3181,Your Price $2.99 each,Werthers Original Candy Hard Sugar Free Caramel Coffee - 2.75 Oz,($1.09 / Ounce),cookies-snacks-candy,"('Werthers Original Candy Hard Sugar Free Caramel Coffee ', ' 2.75 Oz')",True, 2.75 Oz,Werthers Original Candy Hard Sugar Free Caramel Coffee 
3182,Your Price $23.99 each,Planters Cashews Jumbo Fancy Whole Premium Quality With Sea Salt Jar - 33 Oz,($0.73 / Ounce),cookies-snacks-candy,"('Planters Cashews Jumbo Fancy Whole Premium Quality With Sea Salt Jar ', ' 33 Oz')",True, 33 Oz,Planters Cashews Jumbo Fancy Whole Premium Quality With Sea Salt Jar 
3183,Your Price $7.99 each,Jack Links Meat Snacks Bacon Jerky Thick Cut Hickory Smoked - 2.5 Oz,($3.20 / Ounce),cookies-snacks-candy,"('Jack Links Meat Snacks Bacon Jerky Thick Cut Hickory Smoked ', ' 2.5 Oz')",True, 2.5 Oz,Jack Links Meat Snacks Bacon Jerky Thick Cut Hickory Smoked 
3184,Your Price $4.99 each,Slim Jim Snack Sized Original Flavor Smoked Meat Sticks - 14-0.28 Oz,($1.27 / Ounce),cookies-snacks-candy,"('Slim Jim Snack Sized Original Flavor Smoked Meat Sticks  ', '14-0.28 Oz')",True,14-0.28 Oz,Slim Jim Snack Sized Original Flavor Smoked Meat Sticks  
3185,Your Price $7.99 each,Snack Factory Pretzel Crisps Pretzel Crackers Thin Crunchy Deli Style Everything - 14 Oz,($0.57 / Ounce),cookies-snacks-candy,"('Snack Factory Pretzel Crisps Pretzel Crackers Thin Crunchy Deli Style Everything ', ' 14 Oz')",True, 14 Oz,Snack Factory Pretzel Crisps Pretzel Crackers Thin Crunchy Deli Style Everything 
3186,Your Price $3.99 each,Snyder's of Hanover Family Size Sourdough Nibblers Pretzels Bag - 16 Oz,($0.25 / Ounce),cookies-snacks-candy,"(""Snyder's of Hanover Family Size Sourdough Nibblers Pretzels Bag "", ' 16 Oz')",True, 16 Oz,Snyder's of Hanover Family Size Sourdough Nibblers Pretzels Bag 
3187,Your Price $3.99 each,Snack Factory Pretzel Crisps Pretzel Crackers Thin Crunchy Deli Style Everything - 7.2 Oz,($0.55 / Ounce),cookies-snacks-candy,"('Snack Factory Pretzel Crisps Pretzel Crackers Thin Crunchy Deli Style Everything ', ' 7.2 Oz')",True, 7.2 Oz,Snack Factory Pretzel Crisps Pretzel Crackers Thin Crunchy Deli Style Everything 
3188,Your Price $3.99 each,Snack Factory Pretzel Crisps Pretzel Crackers Thin Crunchy Deli Style Garlic Parmesan - 7.2 Oz,($0.55 / Ounce),cookies-snacks-candy,"('Snack Factory Pretzel Crisps Pretzel Crackers Thin Crunchy Deli Style Garlic Parmesan ', ' 7.2 Oz')",True, 7.2 Oz,Snack Factory Pretzel Crisps Pretzel Crackers Thin Crunchy Deli Style Garlic Parmesan 
3189,Your Price $7.99 each,Snack Factory Pretzel Crisps Pretzel Crackers Thin Crunchy Deli Style Garlic Parmesan - 14 Oz,($0.57 / Ounce),cookies-snacks-candy,"('Snack Factory Pretzel Crisps Pretzel Crackers Thin Crunchy Deli Style Garlic Parmesan ', ' 14 Oz')",True, 14 Oz,Snack Factory Pretzel Crisps Pretzel Crackers Thin Crunchy Deli Style Garlic Parmesan 
3190,Your Price $4.79 each,Snyders Of Hanover Honey Mustard And Onion Pretzel Pieces - 11.25 Oz,($0.43 / Ounce),cookies-snacks-candy,"('Snyders Of Hanover Honey Mustard And Onion Pretzel Pieces ', ' 11.25 Oz')",True, 11.25 Oz,Snyders Of Hanover Honey Mustard And Onion Pretzel Pieces 
3191,Your Price $4.49 each,YORK Dark Chocolate Peppermint Patties Hearts Candy Bag - 9.6 Oz,($0.47 / Ounce),cookies-snacks-candy,"('YORK Dark Chocolate Peppermint Patties Hearts Candy Bag ', ' 9.6 Oz')",True, 9.6 Oz,YORK Dark Chocolate Peppermint Patties Hearts Candy Bag 
3192,Your Price $10.99 each,HERSHEY'S Hugs & Kisses Assorted Milk Chocolate And White Creme Candy Bag - 23.5 Oz,($0.47 / Ounce),cookies-snacks-candy,"(""HERSHEY'S Hugs & Kisses Assorted Milk Chocolate And White Creme Candy Bag "", ' 23.5 Oz')",True, 23.5 Oz,HERSHEY'S Hugs & Kisses Assorted Milk Chocolate And White Creme Candy Bag 
3193,Your Price $4.49 each,HERSHEY'S Kisses Roses Milk Chocolate Meltaway Candy Bag - 9 Oz,($0.50 / Ounce),cookies-snacks-candy,"(""HERSHEY'S Kisses Roses Milk Chocolate Meltaway Candy Bag "", ' 9 Oz')",True, 9 Oz,HERSHEY'S Kisses Roses Milk Chocolate Meltaway Candy Bag 
3194,Your Price $4.99 each,Mars Snickers Twix Assorted Chocolate Valentine Day Candy 32 Count - 9.76 Oz,($0.51 / Ounce),cookies-snacks-candy,"('Mars Snickers Twix Assorted Chocolate Valentine Day Candy 32 Count ', ' 9.76 Oz')",True, 9.76 Oz,Mars Snickers Twix Assorted Chocolate Valentine Day Candy 32 Count 
3195,Your Price $4.49 each,Reese's Milk Chocolate Peanut Butter Hearts Snack Size Candy Bag - 9.6 Oz,($0.47 / Ounce),cookies-snacks-candy,"(""Reese's Milk Chocolate Peanut Butter Hearts Snack Size Candy Bag "", ' 9.6 Oz')",True, 9.6 Oz,Reese's Milk Chocolate Peanut Butter Hearts Snack Size Candy Bag 
3196,Your Price $4.49 each,HERSHEY'S Extra Creamy Solid Milk Chocolate Hearts Candy Bag - 9.2 Oz,($0.49 / Ounce),cookies-snacks-candy,"(""HERSHEY'S Extra Creamy Solid Milk Chocolate Hearts Candy Bag "", ' 9.2 Oz')",True, 9.2 Oz,HERSHEY'S Extra Creamy Solid Milk Chocolate Hearts Candy Bag 
3197,Your Price $2.49 each,Reese's Miniatures Milk Chocolate Peanut Butter Cups Candy Plastic Heart Cane - 2.17 Oz,($1.15 / Ounce),cookies-snacks-candy,"(""Reese's Miniatures Milk Chocolate Peanut Butter Cups Candy Plastic Heart Cane "", ' 2.17 Oz')",True, 2.17 Oz,Reese's Miniatures Milk Chocolate Peanut Butter Cups Candy Plastic Heart Cane 
3198,Your Price $10.99 each,HERSHEY'S And Reese's Cupids Mix Chocolate Assortment Candy Variety Bag - 23.67 Oz,($0.46 / Ounce),cookies-snacks-candy,"(""HERSHEY'S And Reese's Cupids Mix Chocolate Assortment Candy Variety Bag "", ' 23.67 Oz')",True, 23.67 Oz,HERSHEY'S And Reese's Cupids Mix Chocolate Assortment Candy Variety Bag 
3199,Your Price $4.29 each,Skittles Original Valentines Day Candy Exchange Fun Size Chewy Candy Box - 12.33 Oz,($0.35 / Ounce),cookies-snacks-candy,"('Skittles Original Valentines Day Candy Exchange Fun Size Chewy Candy Box ', ' 12.33 Oz')",True, 12.33 Oz,Skittles Original Valentines Day Candy Exchange Fun Size Chewy Candy Box 
3200,Your Price $4.99 each,Reese's Milk Chocolate Peanut Butter Heart Candy Gift Box - 5 Oz,($1.00 / Ounce),cookies-snacks-candy,"(""Reese's Milk Chocolate Peanut Butter Heart Candy Gift Box "", ' 5 Oz')",True, 5 Oz,Reese's Milk Chocolate Peanut Butter Heart Candy Gift Box 
3201,Your Price $9.49 each,Mars Skittles Starburst Assorted Valentines Day Chewy Candy Exchange - 20.9 Oz,($0.45 / Ounce),cookies-snacks-candy,"('Mars Skittles Starburst Assorted Valentines Day Chewy Candy Exchange ', ' 20.9 Oz')",True, 20.9 Oz,Mars Skittles Starburst Assorted Valentines Day Chewy Candy Exchange 
3202,Your Price $7.49 each,HERSHEY'S And Reese's Chocolate Hearts Assortment Candy Variety Bag - 14.2 Oz,($0.53 / Ounce),cookies-snacks-candy,"(""HERSHEY'S And Reese's Chocolate Hearts Assortment Candy Variety Bag "", ' 14.2 Oz')",True, 14.2 Oz,HERSHEY'S And Reese's Chocolate Hearts Assortment Candy Variety Bag 
3203,Your Price $7.99 each,Ghirardelli Chocolate Caramel Squares Assortment  Chocolate Squares For Valentines Bag - 8.6 Oz,($0.93 / Ounce),cookies-snacks-candy,"('Ghirardelli Chocolate Caramel Squares Assortment  Chocolate Squares For Valentines Bag ', ' 8.6 Oz')",True, 8.6 Oz,Ghirardelli Chocolate Caramel Squares Assortment  Chocolate Squares For Valentines Bag 
3204,Your Price $15.99 each,"GoGo squeeZ Applesauce, Variety Apple Banana Strawberry - 20 - 3.2 Oz",($0.25 / Ounce),cookies-snacks-candy,"('GoGo squeeZ Applesauce, Variety Apple Banana Strawberry  ', '20-3.2 Oz')",True,20-3.2 Oz,"GoGo squeeZ Applesauce, Variety Apple Banana Strawberry  "
3205,Your Price $6.99 each,RITZ Crackers Fresh Stacks Original Party Size 16 Count - 23.7 Oz,($0.29 / Ounce),cookies-snacks-candy,"('RITZ Crackers Fresh Stacks Original Party Size 16 Count ', ' 23.7 Oz')",True, 23.7 Oz,RITZ Crackers Fresh Stacks Original Party Size 16 Count 
3206,Your Price $7.99 each,Motts Applesauce Apple No Sugar Added Clear Pouches - 12-3.2 Oz,($0.21 / Ounce),cookies-snacks-candy,"('Motts Applesauce Apple No Sugar Added Clear Pouches  ', '12-3.2 Oz')",True,12-3.2 Oz,Motts Applesauce Apple No Sugar Added Clear Pouches  
3207,Your Price $10.79 each,GoGo squeeZ YogurtZ Variety Pack Strawberry Banana - 10 - 3 Oz,($0.36 / Ounce),cookies-snacks-candy,"('GoGo squeeZ YogurtZ Variety Pack Strawberry Banana  ', '10-3 Oz')",True,10-3 Oz,GoGo squeeZ YogurtZ Variety Pack Strawberry Banana  
3208,Your Price $3.00 each,Dole Peaches Diced Yellow Cling in 100% Fruit Juice Cups - 4-4 Oz,($0.19 / Ounce),cookies-snacks-candy,"('Dole Peaches Diced Yellow Cling in 100% Fruit Juice Cups  ', '4-4 Oz')",True,4-4 Oz,Dole Peaches Diced Yellow Cling in 100% Fruit Juice Cups  
3209,Your Price $2.99 each,Signature SELECT Mandarin Oranges No Sugar Added Cups - 4-4 Oz,($0.19 / Ounce),cookies-snacks-candy,"('Signature SELECT Mandarin Oranges No Sugar Added Cups  ', '4-4 Oz')",True,4-4 Oz,Signature SELECT Mandarin Oranges No Sugar Added Cups  
3210,Your Price $10.79 each,GoGo squeeZ Fruit & VeggieZ Variety Pack Pear Berry - 12 - 3.2 Oz,($0.28 / Ounce),cookies-snacks-candy,"('GoGo squeeZ Fruit & VeggieZ Variety Pack Pear Berry  ', '12-3.2 Oz')",True,12-3.2 Oz,GoGo squeeZ Fruit & VeggieZ Variety Pack Pear Berry  
3211,Your Price $4.79 each,Mentos Pure Fresh Chewing Gum Sugarfree Fresh Mint - 50 Count,($0.10 / Count),cookies-snacks-candy,"('Mentos Pure Fresh Chewing Gum Sugarfree Fresh Mint ', ' 50 Count')",True, 50 Count,Mentos Pure Fresh Chewing Gum Sugarfree Fresh Mint 
3212,Your Price $4.79 each,Ice Breakers Ice Cubes Gum Sugar Free Spearmint Cube Mint - 40 Count,($0.12 / Stick),cookies-snacks-candy,"('Ice Breakers Ice Cubes Gum Sugar Free Spearmint Cube Mint ', ' 40 Count')",True, 40 Count,Ice Breakers Ice Cubes Gum Sugar Free Spearmint Cube Mint 
3213,Your Price $1.25 each,Extra Sugar Free Chewing Gum Peppermint Single Pack - 15 Count,($0.08 / Count),cookies-snacks-candy,"('Extra Sugar Free Chewing Gum Peppermint Single Pack ', ' 15 Count')",True, 15 Count,Extra Sugar Free Chewing Gum Peppermint Single Pack 
3214,Your Price $1.25 each,Hubba Bubba Max Strawberry Watermelon Bubble Gum Pack - 5 Count,($0.25 / Count),cookies-snacks-candy,"('Hubba Bubba Max Strawberry Watermelon Bubble Gum Pack ', ' 5 Count')",True, 5 Count,Hubba Bubba Max Strawberry Watermelon Bubble Gum Pack 
3215,Your Price $1.25 each,Extra Sugar Free Chewing Gum Spearmint Single Pack - 15 Count,($0.08 / Count),cookies-snacks-candy,"('Extra Sugar Free Chewing Gum Spearmint Single Pack ', ' 15 Count')",True, 15 Count,Extra Sugar Free Chewing Gum Spearmint Single Pack 
3216,Your Price $4.79 each,ICE BREAKERS Ice Cubes Peppermint Flavored Sugar Free Chewing Gum Bottle - 3.24 Oz,($0.12 / Count),cookies-snacks-candy,"('ICE BREAKERS Ice Cubes Peppermint Flavored Sugar Free Chewing Gum Bottle ', ' 3.24 Oz')",True, 3.24 Oz,ICE BREAKERS Ice Cubes Peppermint Flavored Sugar Free Chewing Gum Bottle 
3217,Your Price $9.99 each,Motts Fruit Flavored Snacks Medleys Assorted Fruit Family Size - 40-0.8 Oz,($0.25 / Count),cookies-snacks-candy,"('Motts Fruit Flavored Snacks Medleys Assorted Fruit Family Size  ', '40-0.8 Oz')",True,40-0.8 Oz,Motts Fruit Flavored Snacks Medleys Assorted Fruit Family Size  
3218,Your Price $9.99 each,Black Forest Juicy Burst Snacks Mixed Fruit With Real Fruit Juice - 32 Oz,($0.31 / Ounce),cookies-snacks-candy,"('Black Forest Juicy Burst Snacks Mixed Fruit With Real Fruit Juice ', ' 32 Oz')",True, 32 Oz,Black Forest Juicy Burst Snacks Mixed Fruit With Real Fruit Juice 
3219,Your Price $7.49 each,Betty Crocker Fruit Flavored Snacks Fruit By The Foot Variety Pack - 12-0.75 Oz,($0.83 / Ounce),cookies-snacks-candy,"('Betty Crocker Fruit Flavored Snacks Fruit By The Foot Variety Pack  ', '12-0.75 Oz')",True,12-0.75 Oz,Betty Crocker Fruit Flavored Snacks Fruit By The Foot Variety Pack  
3220,Your Price $7.49 each,Motts Fruit Flavored Snacks Assorted Fruit Value Pack - 22-0.8 Oz,($0.43 / Ounce),cookies-snacks-candy,"('Motts Fruit Flavored Snacks Assorted Fruit Value Pack  ', '22-0.8 Oz')",True,22-0.8 Oz,Motts Fruit Flavored Snacks Assorted Fruit Value Pack  
3221,Your Price $12.99 each,Annies Homegrown Organic Fruit Snacks Bunny Variety Pack - 12-0.8 Oz,($1.35 / Ounce),cookies-snacks-candy,"('Annies Homegrown Organic Fruit Snacks Bunny Variety Pack  ', '12-0.8 Oz')",True,12-0.8 Oz,Annies Homegrown Organic Fruit Snacks Bunny Variety Pack  
3222,Your Price $4.49 each,Fruit by the Foot Fruit Flavored Snacks Variety Pack - 6-0.75 Oz,($1.00 / Ounce),cookies-snacks-candy,"('Fruit by the Foot Fruit Flavored Snacks Variety Pack  ', '6-0.75 Oz')",True,6-0.75 Oz,Fruit by the Foot Fruit Flavored Snacks Variety Pack  
3223,Your Price $2.99 each,Annies Homegrown Fruit Snacks Organic Bunny Berry Patch - 5-0.8 Oz,($0.75 / Ounce),cookies-snacks-candy,"('Annies Homegrown Fruit Snacks Organic Bunny Berry Patch  ', '5-0.8 Oz')",True,5-0.8 Oz,Annies Homegrown Fruit Snacks Organic Bunny Berry Patch  
3224,Your Price $4.49 each,Motts Fruit Flavored Snacks Medleys Assorted Fruit - 10-0.8 Oz,($0.56 / Ounce),cookies-snacks-candy,"('Motts Fruit Flavored Snacks Medleys Assorted Fruit  ', '10-0.8 Oz')",True,10-0.8 Oz,Motts Fruit Flavored Snacks Medleys Assorted Fruit  
3225,Your Price $4.49 each,Fruit Gushers Fruit Flavored Snacks Tropical Flavors - 6-0.8 Oz,($0.94 / Ounce),cookies-snacks-candy,"('Fruit Gushers Fruit Flavored Snacks Tropical Flavors  ', '6-0.8 Oz')",True,6-0.8 Oz,Fruit Gushers Fruit Flavored Snacks Tropical Flavors  
3226,Your Price $4.49 each,Fruit Roll-Ups Fruit Flavored Snacks Variety Pack - 10-0.5 Oz,($0.90 / Ounce),cookies-snacks-candy,"('Fruit Roll Ups Fruit Flavored Snacks Variety Pack', '10-0.5 Oz')",True,10-0.5 Oz,Fruit Roll Ups Fruit Flavored Snacks Variety Pack
3227,Your Price $3.99 each,Snack Pack Pudding Vanilla Chocolate Family Pack - 12-3.25 Oz,($0.10 / Ounce),cookies-snacks-candy,"('Snack Pack Pudding Vanilla Chocolate Family Pack  ', '12-3.25 Oz')",True,12-3.25 Oz,Snack Pack Pudding Vanilla Chocolate Family Pack  
3228,Your Price $3.29 each,Jell-O Original Vanilla Ready to Eat Pudding Cups Snack Cups - 4 Count,($0.21 / Ounce),cookies-snacks-candy,"('Jell O Original Vanilla Ready to Eat Pudding Cups Snack Cups', '4 Count')",True,4 Count,Jell O Original Vanilla Ready to Eat Pudding Cups Snack Cups
3229,Your Price $3.29 each,Jell-O Cherry Sugar Free Ready to Eat Jello Cups Gelatin Snack - 4 Count,($0.26 / Ounce),cookies-snacks-candy,"('Jell O Cherry Sugar Free Ready to Eat Jello Cups Gelatin Snack', '4 Count')",True,4 Count,Jell O Cherry Sugar Free Ready to Eat Jello Cups Gelatin Snack
3230,Your Price $3.99 each,Life Savers Sharing Size Wint-O-Green Breath Mints Hard Candy - 13 Oz,($0.31 / Ounce),cookies-snacks-candy,"('Life Savers Sharing Size Wint OGreen Breath Mints Hard Candy', '13 Oz')",True,13 Oz,Life Savers Sharing Size Wint OGreen Breath Mints Hard Candy
3231,Your Price $2.49 each,Life Savers Wint O Green Breath Mints Hard Candy Bag - 6.25 Oz,($0.40 / Ounce),cookies-snacks-candy,"('Life Savers Wint O Green Breath Mints Hard Candy Bag ', ' 6.25 Oz')",True, 6.25 Oz,Life Savers Wint O Green Breath Mints Hard Candy Bag 
3232,Your Price $3.99 each,Life Savers Sharing Size Pep-O-Mint Breath Mints Hard Candy - 13 Oz,($0.31 / Ounce),cookies-snacks-candy,"('Life Savers Sharing Size Pep OMint Breath Mints Hard Candy', '13 Oz')",True,13 Oz,Life Savers Sharing Size Pep OMint Breath Mints Hard Candy
3233,Your Price $2.79 each,ICE BREAKERS Wintergreen Flavored Sugar Free Breath Mints Tin - 1.5 Oz,($1.86 / Ounce),cookies-snacks-candy,"('ICE BREAKERS Wintergreen Flavored Sugar Free Breath Mints Tin ', ' 1.5 Oz')",True, 1.5 Oz,ICE BREAKERS Wintergreen Flavored Sugar Free Breath Mints Tin 
3234,Your Price $2.49 each,Life Savers Sugar Free Mints Hard Candy Wint O Green Bag - 2.75 Oz,($0.91 / Ounce),cookies-snacks-candy,"('Life Savers Sugar Free Mints Hard Candy Wint O Green Bag ', ' 2.75 Oz')",True, 2.75 Oz,Life Savers Sugar Free Mints Hard Candy Wint O Green Bag 
3235,Your Price $4.79 each,ICE BREAKERS Ice Cubes Wintergreen Flavored Sugar Free Chewing Gum Bottle - 3.24 Oz,($1.48 / Ounce),cookies-snacks-candy,"('ICE BREAKERS Ice Cubes Wintergreen Flavored Sugar Free Chewing Gum Bottle ', ' 3.24 Oz')",True, 3.24 Oz,ICE BREAKERS Ice Cubes Wintergreen Flavored Sugar Free Chewing Gum Bottle 
3236,Your Price $2.79 each,ICE BREAKERS Spearmint Flavored Sugar Free Breath Mints Tin - 1.5 Oz,($1.86 / Ounce),cookies-snacks-candy,"('ICE BREAKERS Spearmint Flavored Sugar Free Breath Mints Tin ', ' 1.5 Oz')",True, 1.5 Oz,ICE BREAKERS Spearmint Flavored Sugar Free Breath Mints Tin 
3237,Your Price $2.79 each,ICE BREAKERS Duo Strawberry Flavored Sugar Free Breath Mints Tin - 1.3 Oz,($2.15 / Ounce),cookies-snacks-candy,"('ICE BREAKERS Duo Strawberry Flavored Sugar Free Breath Mints Tin ', ' 1.3 Oz')",True, 1.3 Oz,ICE BREAKERS Duo Strawberry Flavored Sugar Free Breath Mints Tin 
3238,Your Price $7.99 each,Happy Egg Eggs Heritage Breed Blue And Brown Large - 12 Count,($0.67 / Count),dairy-eggs-cheese,"('Happy Egg Eggs Heritage Breed Blue And Brown Large ', ' 12 Count')",True, 12 Count,Happy Egg Eggs Heritage Breed Blue And Brown Large 
3239,Your Price $4.49 each,O Organics Organic Eggs Hard Cooked Peeled Ready To Eat 6 Count - 9 Oz,($8.98 / Dozen),dairy-eggs-cheese,"('O Organics Organic Eggs Hard Cooked Peeled Ready To Eat 6 Count ', ' 9 Oz')",True, 9 Oz,O Organics Organic Eggs Hard Cooked Peeled Ready To Eat 6 Count 
3240,Your Price $4.99 each,O Organics Organic Egg Whites Liquid Cholesterol Free - 16 Oz,($0.31 / Ounce),dairy-eggs-cheese,"('O Organics Organic Egg Whites Liquid Cholesterol Free ', ' 16 Oz')",True, 16 Oz,O Organics Organic Egg Whites Liquid Cholesterol Free 
3241,Your Price $4.99 each,Chobani Yogurt Greek Low Fat Vanilla On The Bottom Mixed Berry - 4-5.3 Oz,($0.24 / Ounce),dairy-eggs-cheese,"('Chobani Yogurt Greek Low Fat Vanilla On The Bottom Mixed Berry  ', '4-5.3 Oz')",True,4-5.3 Oz,Chobani Yogurt Greek Low Fat Vanilla On The Bottom Mixed Berry  
3242,Your Price $7.99 each,Activia Low Fat Probiotic Peach & Strawberry Yogurt Variety Pack - 12-4 Oz,($0.17 / Ounce),dairy-eggs-cheese,"('Activia Low Fat Probiotic Peach & Strawberry Yogurt Variety Pack  ', '12-4 Oz')",True,12-4 Oz,Activia Low Fat Probiotic Peach & Strawberry Yogurt Variety Pack  
3243,Your Price $5.49 each,Yoplait Original Yogurt Low Fat Strawberry & Harvest Peach - 8-6 Oz,($0.11 / Ounce),dairy-eggs-cheese,"('Yoplait Original Yogurt Low Fat Strawberry & Harvest Peach  ', '8-6 Oz')",True,8-6 Oz,Yoplait Original Yogurt Low Fat Strawberry & Harvest Peach  
3244,Your Price $5.49 each,Yoplait Original Yogurt Low Fat Strawberry/Strawberry Banana - 8-6 Oz,($0.11 / Ounce),dairy-eggs-cheese,"('Yoplait Original Yogurt Low Fat Strawberry/Strawberry Banana  ', '8-6 Oz')",True,8-6 Oz,Yoplait Original Yogurt Low Fat Strawberry/Strawberry Banana  
3245,Your Price $6.49 each,Dannon Light + Fit Vanilla Non Fat Gluten Free Greek Yogurt - 32 Oz,($0.20 / Ounce),dairy-eggs-cheese,"('Dannon Light + Fit Vanilla Non Fat Gluten Free Greek Yogurt ', ' 32 Oz')",True, 32 Oz,Dannon Light + Fit Vanilla Non Fat Gluten Free Greek Yogurt 
3246,Your Price $4.99 each,Chobani Yogurt Greek Fruit On The Bottom Non-Fat Strawberry - 4-5.3 Oz,($0.24 / Ounce),dairy-eggs-cheese,"('Chobani Yogurt Greek Fruit On The Bottom Non Fat Strawberry', '4-5.3 Oz')",True,4-5.3 Oz,Chobani Yogurt Greek Fruit On The Bottom Non Fat Strawberry
3247,Your Price $4.99 each,Oikos Triple Zero Greek Yogurt Blended Nonfat Vanilla Pack - 4-5.3 Oz,($0.24 / Ounce),dairy-eggs-cheese,"('Oikos Triple Zero Greek Yogurt Blended Nonfat Vanilla Pack  ', '4-5.3 Oz')",True,4-5.3 Oz,Oikos Triple Zero Greek Yogurt Blended Nonfat Vanilla Pack  
3248,Your Price $4.99 each,Dannon Light + Fit Cherry Non Fat Gluten Free Greek Yogurt - 4-5.3 Oz,($0.24 / Ounce),dairy-eggs-cheese,"('Dannon Light + Fit Cherry Non Fat Gluten Free Greek Yogurt  ', '4-5.3 Oz')",True,4-5.3 Oz,Dannon Light + Fit Cherry Non Fat Gluten Free Greek Yogurt  
3249,Your Price $5.00 each,Go-gurt Strawberry And Vanilla Low Fat Yogurt 20 Count - 40 OZ,($0.13 / Ounce),dairy-eggs-cheese,"('Go gurt Strawberry And Vanilla Low Fat Yogurt 20 Count', '40 OZ')",True,40 OZ,Go gurt Strawberry And Vanilla Low Fat Yogurt 20 Count
3250,Your Price $4.99 each,Chobani Yogurt Greek Non Fat On The Bottom Blueberry - 4-5.3 Oz,($0.24 / Ounce),dairy-eggs-cheese,"('Chobani Yogurt Greek Non Fat On The Bottom Blueberry  ', '4-5.3 Oz')",True,4-5.3 Oz,Chobani Yogurt Greek Non Fat On The Bottom Blueberry  
3251,Your Price $6.99 each,Stonyfield Organic Strawberry Beet Berry Whole Milk Yogurt Pouches - 4-3.5 Oz,($0.50 / Ounce),dairy-eggs-cheese,"('Stonyfield Organic Strawberry Beet Berry Whole Milk Yogurt Pouches  ', '4-3.5 Oz')",True,4-3.5 Oz,Stonyfield Organic Strawberry Beet Berry Whole Milk Yogurt Pouches  
3252,Your Price $4.99 each,Dannon Light + Fit Vanilla Non Fat Gluten Free Greek Yogurt - 4-5.3 Oz,($0.24 / Ounce),dairy-eggs-cheese,"('Dannon Light + Fit Vanilla Non Fat Gluten Free Greek Yogurt  ', '4-5.3 Oz')",True,4-5.3 Oz,Dannon Light + Fit Vanilla Non Fat Gluten Free Greek Yogurt  
3253,Your Price $4.99 each,Chobani Yogurt Greek Non Fat On The Bottom Black Cherry - 4-5.3 Oz,($0.24 / Ounce),dairy-eggs-cheese,"('Chobani Yogurt Greek Non Fat On The Bottom Black Cherry  ', '4-5.3 Oz')",True,4-5.3 Oz,Chobani Yogurt Greek Non Fat On The Bottom Black Cherry  
3254,Your Price $4.99 each,Oikos Triple Zero Greek Yogurt Blended Nonfat Mixed Berry - 4-5.3 Oz,($0.24 / Ounce),dairy-eggs-cheese,"('Oikos Triple Zero Greek Yogurt Blended Nonfat Mixed Berry  ', '4-5.3 Oz')",True,4-5.3 Oz,Oikos Triple Zero Greek Yogurt Blended Nonfat Mixed Berry  
3255,Your Price $6.49 each,Oikos Triple Zero Greek Yogurt Blended Nonfat Vanilla - 32 Oz,($0.20 / Ounce),dairy-eggs-cheese,"('Oikos Triple Zero Greek Yogurt Blended Nonfat Vanilla ', ' 32 Oz')",True, 32 Oz,Oikos Triple Zero Greek Yogurt Blended Nonfat Vanilla 
3256,Your Price $3.50 each,Frigo Cheese Heads String Cheese & Salami Stick 8 Count - 6.33 Oz,($0.55 / Ounce),dairy-eggs-cheese,"('Frigo Cheese Heads String Cheese & Salami Stick 8 Count ', ' 6.33 Oz')",True, 6.33 Oz,Frigo Cheese Heads String Cheese & Salami Stick 8 Count 
3257,Your Price $6.99 each,Lucerne Cheese Finely Shredded Mexican Style 4 Cheese Blend - 32 Oz,($0.22 / Ounce),dairy-eggs-cheese,"('Lucerne Cheese Finely Shredded Mexican Style 4 Cheese Blend ', ' 32 Oz')",True, 32 Oz,Lucerne Cheese Finely Shredded Mexican Style 4 Cheese Blend 
3258,Your Price $3.50 each,Frigo Cheese Heads Sharp Cheddar & Beef Sticks 8 Count - 6.33 Oz,($0.55 / Ounce),dairy-eggs-cheese,"('Frigo Cheese Heads Sharp Cheddar & Beef Sticks 8 Count ', ' 6.33 Oz')",True, 6.33 Oz,Frigo Cheese Heads Sharp Cheddar & Beef Sticks 8 Count 
3259,Your Price $6.99 each,Philadelphia Original Cream Cheese for a Keto and Low Carb Lifestyle Bricks - 2-8 Oz,($0.44 / Ounce),dairy-eggs-cheese,"('Philadelphia Original Cream Cheese for a Keto and Low Carb Lifestyle Bricks  ', '2-8 Oz')",True,2-8 Oz,Philadelphia Original Cream Cheese for a Keto and Low Carb Lifestyle Bricks  
3260,Your Price $6.99 each,Lucerne Cheese Shredded Low-Moisture Part-Skim Mozzarella - 32 Oz,($0.22 / Ounce),dairy-eggs-cheese,"('Lucerne Cheese Shredded Low Moisture PartSkim Mozzarella', '32 Oz')",True,32 Oz,Lucerne Cheese Shredded Low Moisture PartSkim Mozzarella
3261,Your Price $6.99 each,Lucerne Cheese Mexican Blend Thickcut Shredded Family Pack - 32 Oz,($0.22 / Ounce),dairy-eggs-cheese,"('Lucerne Cheese Mexican Blend Thickcut Shredded Family Pack ', ' 32 Oz')",True, 32 Oz,Lucerne Cheese Mexican Blend Thickcut Shredded Family Pack 
3262,Your Price $11.99 each,Lucerne Cheese String Mozzarella Low Moisture Part Skim - 36-1 Oz,($0.33 / Ounce),dairy-eggs-cheese,"('Lucerne Cheese String Mozzarella Low Moisture Part Skim  ', '36-1 Oz')",True,36-1 Oz,Lucerne Cheese String Mozzarella Low Moisture Part Skim  
3263,Your Price $2.79 each,Lucerne Cheese Finely Shredded Mexican Style 4 Cheese Blend - 8 Oz,($0.35 / Ounce),dairy-eggs-cheese,"('Lucerne Cheese Finely Shredded Mexican Style 4 Cheese Blend ', ' 8 Oz')",True, 8 Oz,Lucerne Cheese Finely Shredded Mexican Style 4 Cheese Blend 
3264,Your Price $2.79 each,Lucerne Cheese Shredded Low-Moisture Part-Skim Mozzarella - 8 Oz,($0.35 / Ounce),dairy-eggs-cheese,"('Lucerne Cheese Shredded Low Moisture PartSkim Mozzarella', '8 Oz')",True,8 Oz,Lucerne Cheese Shredded Low Moisture PartSkim Mozzarella
3265,Your Price $5.99 each,Philadelphia Original Whipped Cream Cheese Spread Tub - 12 Oz,($0.50 / Ounce),dairy-eggs-cheese,"('Philadelphia Original Whipped Cream Cheese Spread Tub ', ' 12 Oz')",True, 12 Oz,Philadelphia Original Whipped Cream Cheese Spread Tub 
3266,Your Price $1.99 each,Lucerne Milk Reduced Fat 2% Milkfat - 64 Fl. Oz. (package may vary),($0.03 / Fl.oz),dairy-eggs-cheese,"('Lucerne Milk Reduced Fat 2% Milkfat ', ' 64 Fl. Oz. (package may vary)')",True, 64 Fl. Oz. (package may vary),Lucerne Milk Reduced Fat 2% Milkfat 
3267,Your Price $7.99 each,Coffee mate French Vanilla Liquid Coffee Creamer - 64 Fl. Oz.,($0.12 / Fl.oz),dairy-eggs-cheese,"('Coffee mate French Vanilla Liquid Coffee Creamer ', ' 64 Fl. Oz.')",True, 64 Fl. Oz.,Coffee mate French Vanilla Liquid Coffee Creamer 
3268,Your Price $4.79 each,Coffee mate Peppermint Mocha Liquid Coffee Creamer - 32 Fl. Oz.,($0.15 / Fl.oz),dairy-eggs-cheese,"('Coffee mate Peppermint Mocha Liquid Coffee Creamer ', ' 32 Fl. Oz.')",True, 32 Fl. Oz.,Coffee mate Peppermint Mocha Liquid Coffee Creamer 
3269,Your Price $4.99 each,Pacific Almond Milk Original Unsweetened Organic - 32 Fl. Oz.,($0.16 / Fl.oz),dairy-eggs-cheese,"('Pacific Almond Milk Original Unsweetened Organic ', ' 32 Fl. Oz.')",True, 32 Fl. Oz.,Pacific Almond Milk Original Unsweetened Organic 
3270,Your Price $4.99 each,Good Karma Flaxmilk Omega 3 + Protein Unsweetened Carton - 32 Oz,($0.16 / Fl.oz),dairy-eggs-cheese,"('Good Karma Flaxmilk Omega 3 + Protein Unsweetened Carton ', ' 32 Oz')",True, 32 Oz,Good Karma Flaxmilk Omega 3 + Protein Unsweetened Carton 
3271,Your Price $5.79 each,Blue Diamond Almonds Almond Breeze Milk Original Unsweetened - 96 Fl. Oz.,($0.06 / Fl.oz),dairy-eggs-cheese,"('Blue Diamond Almonds Almond Breeze Milk Original Unsweetened ', ' 96 Fl. Oz.')",True, 96 Fl. Oz.,Blue Diamond Almonds Almond Breeze Milk Original Unsweetened 
3272,Your Price $7.99 each,Coffee mate Italian Sweet Creme Liquid Coffee Creamer - 64 Fl. Oz.,($0.12 / Fl.oz),dairy-eggs-cheese,"('Coffee mate Italian Sweet Creme Liquid Coffee Creamer ', ' 64 Fl. Oz.')",True, 64 Fl. Oz.,Coffee mate Italian Sweet Creme Liquid Coffee Creamer 
3273,Your Price $7.99 each,Coffee mate Zero Sugar French Vanilla Liquid Coffee Creamer - 64 Fl. Oz.,($0.12 / Fl.oz),dairy-eggs-cheese,"('Coffee mate Zero Sugar French Vanilla Liquid Coffee Creamer ', ' 64 Fl. Oz.')",True, 64 Fl. Oz.,Coffee mate Zero Sugar French Vanilla Liquid Coffee Creamer 
3274,Your Price $4.79 each,Coffee mate French Vanilla Liquid Coffee Creamer - 32 Fl. Oz.,($0.15 / Fl.oz),dairy-eggs-cheese,"('Coffee mate French Vanilla Liquid Coffee Creamer ', ' 32 Fl. Oz.')",True, 32 Fl. Oz.,Coffee mate French Vanilla Liquid Coffee Creamer 
3275,Your Price $4.29 each,Reddi Wip Original Whipped Topping Made With Real Cream Spray Can - 6.5 Oz,($0.66 / Ounce),dairy-eggs-cheese,"('Reddi Wip Original Whipped Topping Made With Real Cream Spray Can ', ' 6.5 Oz')",True, 6.5 Oz,Reddi Wip Original Whipped Topping Made With Real Cream Spray Can 
3276,Your Price $6.99 each,Reddi Wip Original Whipped Topping Made With Real Cream Spray Can - 13 Oz,($0.54 / Ounce),dairy-eggs-cheese,"('Reddi Wip Original Whipped Topping Made With Real Cream Spray Can ', ' 13 Oz')",True, 13 Oz,Reddi Wip Original Whipped Topping Made With Real Cream Spray Can 
3277,Your Price $5.49 each,Organic Valley Milk Organic Reduced 2% Milk Fat - Half Gallon,($0.09 / Fl.oz),dairy-eggs-cheese,"('Organic Valley Milk Organic Reduced 2% Milk Fat ', ' Half Gallon')",True, Half Gallon,Organic Valley Milk Organic Reduced 2% Milk Fat 
3278,Your Price $4.29 each,Blue Diamond Almonds Almond Breeze Milk Unsweetened Vanilla 30 Calories - 64 Fl. Oz.,($0.07 / Fl.oz),dairy-eggs-cheese,"('Blue Diamond Almonds Almond Breeze Milk Unsweetened Vanilla 30 Calories ', ' 64 Fl. Oz.')",True, 64 Fl. Oz.,Blue Diamond Almonds Almond Breeze Milk Unsweetened Vanilla 30 Calories 
3279,Your Price $5.79 each,Blue Diamond Almonds Almond Breeze Milk Vanilla Unsweetened - 96 Fl. Oz.,($0.06 / Fl.oz),dairy-eggs-cheese,"('Blue Diamond Almonds Almond Breeze Milk Vanilla Unsweetened ', ' 96 Fl. Oz.')",True, 96 Fl. Oz.,Blue Diamond Almonds Almond Breeze Milk Vanilla Unsweetened 
3280,Your Price $3.99 each,Country Crock Shedds Spread Buttery Spread 32% Vegetable Oil Calcium with Vitamin D - 15 Oz,($0.27 / Ounce),dairy-eggs-cheese,"('Country Crock Shedds Spread Buttery Spread 32% Vegetable Oil Calcium with Vitamin D ', ' 15 Oz')",True, 15 Oz,Country Crock Shedds Spread Buttery Spread 32% Vegetable Oil Calcium with Vitamin D 
3281,Your Price $3.99 each,Country Crock Shedds Spread Buttery Spread 40% Vegetable Oil Original - 15 Oz,($0.27 / Ounce),dairy-eggs-cheese,"('Country Crock Shedds Spread Buttery Spread 40% Vegetable Oil Original ', ' 15 Oz')",True, 15 Oz,Country Crock Shedds Spread Buttery Spread 40% Vegetable Oil Original 
3282,Your Price $6.99 each,O Organics Organic Butter Sweet Cream Unsalted 4 Count - 16 Oz,($0.44 / Ounce),dairy-eggs-cheese,"('O Organics Organic Butter Sweet Cream Unsalted 4 Count ', ' 16 Oz')",True, 16 Oz,O Organics Organic Butter Sweet Cream Unsalted 4 Count 
3283,Your Price $5.49 each,Brummel & Brown Spread 35% Vegetable Oil Nonfat Yogurt - 15 Oz,($0.37 / Ounce),dairy-eggs-cheese,"('Brummel & Brown Spread 35% Vegetable Oil Nonfat Yogurt ', ' 15 Oz')",True, 15 Oz,Brummel & Brown Spread 35% Vegetable Oil Nonfat Yogurt 
3284,Your Price $17.99 each,Hormel Gatherings Hard Salami & Pepperoni Party Tray - 28 Oz.,($0.64 / Ounce),deli,"('Hormel Gatherings Hard Salami & Pepperoni Party Tray ', ' 28 Oz.')",True, 28 Oz.,Hormel Gatherings Hard Salami & Pepperoni Party Tray 
3285,Your Price $19.99 each,Deli Catering Tray Fruit And Cheese 4 to 6 Servings - Each (Please allow 48 hours for delivery or pickup),($19.99 / Each),deli,"('Deli Catering Tray Fruit And Cheese 4 to 6 Servings ', ' Each (Please allow 48 hours for delivery or pickup)')",True, Each (Please allow 48 hours for delivery or pickup),Deli Catering Tray Fruit And Cheese 4 to 6 Servings 
3286,Your Price $19.99 each,Deli Catering Tray Croissant Sandwich 4 to 6 Servings - Each (2190 Cal) (Please allow 48 hours for delivery or pickup),($19.99 / Each),deli,"('Deli Catering Tray Croissant Sandwich 4 to 6 Servings ', ' Each (2190 Cal) (Please allow 48 hours for delivery or pickup)')",True, Each (2190 Cal) (Please allow 48 hours for delivery or pickup),Deli Catering Tray Croissant Sandwich 4 to 6 Servings 
3287,$59.99 ,Deli Catering Tray Classic Meat & Cheese 16 Inch Square Tray 20-24 Servings - Each (Please allow 48 hours for delivery or pickup),($59.99 / Each),deli,Deli Catering Tray Classic Meat & Cheese 16 Inch Square Tray 20-24 Servings - Each (Please allow 48 hours for delivery or pickup),False, Each,D
3288,Your Price $24.99 each,Deli Catering Tray Hye Roller 4 to 6 Servings - Each (Please allow 48 hours for delivery or pickup),($24.99 / Each),deli,"('Deli Catering Tray Hye Roller 4 to 6 Servings ', ' Each (Please allow 48 hours for delivery or pickup)')",True, Each (Please allow 48 hours for delivery or pickup),Deli Catering Tray Hye Roller 4 to 6 Servings 
3289,$29.99 ,Deli Catering Tray Condiments 16-20 Servings - Each (Please allow 48 hours for delivery or pickup),($29.99 / Each),deli,Deli Catering Tray Condiments 16-20 Servings - Each (Please allow 48 hours for delivery or pickup),False, Each,D
3290,Your Price $3.99 each,ReadyMeal Tray Duo Sliced Salami & Cheddar With Crackers - Each,($3.99 / Each),deli,"('ReadyMeal Tray Duo Sliced Salami & Cheddar With Crackers ', ' Each')",True, Each,ReadyMeal Tray Duo Sliced Salami & Cheddar With Crackers 
3291,Your Price $13.99 each,Ready Meal Italian Style Charcuterie Small Tray - Each (Please allow 48 hours for delivery or pickup),($13.99 / Each),deli,"('Ready Meal Italian Style Charcuterie Small Tray ', ' Each (Please allow 48 hours for delivery or pickup)')",True, Each (Please allow 48 hours for delivery or pickup),Ready Meal Italian Style Charcuterie Small Tray 
3292,Your Price $11.99 each,Ready Meal Nothing But Cheese Tray Small - EA (Please allow 24 hours for delivery or pickup),($11.99 / Each),deli,"('Ready Meal Nothing But Cheese Tray Small ', ' EA (Please allow 24 hours for delivery or pickup)')",True, EA (Please allow 24 hours for delivery or pickup),Ready Meal Nothing But Cheese Tray Small 
3293,Your Price $3.99 each,Ready Meals Breakfast Quad With Guacamole Hard Boiled Egg - EA,($3.99 / Each),deli,"('Ready Meals Breakfast Quad With Guacamole Hard Boiled Egg ', ' EA')",True, EA,Ready Meals Breakfast Quad With Guacamole Hard Boiled Egg 
3294,Your Price $34.99 each,Deli Catering Tray Chopped Salad Bowl - Each (Please allow 48 hours for delivery or pickup),($34.99 / Each),deli,"('Deli Catering Tray Chopped Salad Bowl ', ' Each (Please allow 48 hours for delivery or pickup)')",True, Each (Please allow 48 hours for delivery or pickup),Deli Catering Tray Chopped Salad Bowl 
3295,Your Price $9.49 each,BelGioioso Fresh Mozzarella Log Pre-Sliced Specialty Cheese - 16 Oz,($0.59 / Ounce),deli,"('BelGioioso Fresh Mozzarella Log Pre Sliced Specialty Cheese', '16 Oz')",True,16 Oz,BelGioioso Fresh Mozzarella Log Pre Sliced Specialty Cheese
3296,Your Price $4.25  /  eaeach,Boars Head Cheese American Yellow 33% Lower Fat / 36% Lower Sodium - 0.50 Lb,($8.49 / Lb),deli,"('Boars Head Cheese American Yellow 33% Lower Fat / 36% Lower Sodium ', ' 0.50 Lb')",True, 0.50 Lb,Boars Head Cheese American Yellow 33% Lower Fat / 36% Lower Sodium 
3297,Your Price $6.99 each,Signature Cafe Traditional Whole Rotisserie Chicken Hot - Each  (Available After 10 AM),($0.25 / Ounce),deli,"('Signature Cafe Traditional Whole Rotisserie Chicken Hot ', ' Each  (Available After 10 AM)')",True, Each  (Available After 10 AM),Signature Cafe Traditional Whole Rotisserie Chicken Hot 
3298,Your Price $4.99 each,Resers Main St. Bistro Mashed Sweet Potato With Maple Syrup - 20 Oz,($0.25 / Ounce),deli,"('Resers Main St. Bistro Mashed Sweet Potato With Maple Syrup ', ' 20 Oz')",True, 20 Oz,Resers Main St. Bistro Mashed Sweet Potato With Maple Syrup 
3299,Your Price $6.99 each,Signature Cafe Rosemary & Garlic Whole Rotisserie Chicken Hot - Each (Available After 10 AM),($0.23 / Ounce),deli,"('Signature Cafe Rosemary & Garlic Whole Rotisserie Chicken Hot ', ' Each (Available After 10 AM)')",True, Each (Available After 10 AM),Signature Cafe Rosemary & Garlic Whole Rotisserie Chicken Hot 
3300,Your Price $8.99 each,Open Nature Natural Whole Roasted Chicken Hot - 37 Oz (Available After 10 AM),($8.99 / Each),deli,"('Open Nature Natural Whole Roasted Chicken Hot ', ' 37 Oz (Available After 10 AM)')",True, 37 Oz (Available After 10 AM),Open Nature Natural Whole Roasted Chicken Hot 
3301,Your Price $6.99 each,Signature Cafe Rotisserie Chicken No Salt Added Hot - Each (Available After 10 AM),($0.25 / Ounce),deli,"('Signature Cafe Rotisserie Chicken No Salt Added Hot ', ' Each (Available After 10 AM)')",True, Each (Available After 10 AM),Signature Cafe Rotisserie Chicken No Salt Added Hot 
3302,Your Price $6.99 each,Signature Cafe Lemon Pepper Whole Rotisserie Chicken Hot - Each (Available After 10 AM),($0.23 / Ounce),deli,"('Signature Cafe Lemon Pepper Whole Rotisserie Chicken Hot ', ' Each (Available After 10 AM)')",True, Each (Available After 10 AM),Signature Cafe Lemon Pepper Whole Rotisserie Chicken Hot 
3303,Your Price $8.99  / eaeach,Signature Cafe General Tso Boneless Chicken Wings Per Pound Cold - 1.00 Lb,($8.99 / Lb),deli,"('Signature Cafe General Tso Boneless Chicken Wings Per Pound Cold ', ' 1.00 Lb')",True, 1.00 Lb,Signature Cafe General Tso Boneless Chicken Wings Per Pound Cold 
3304,Your Price $8.99 each,Signature Cafe Homestyle Meatloaf Hot - 18 Oz (Available After 10 AM),($0.50 / Ounce),deli,"('Signature Cafe Homestyle Meatloaf Hot ', ' 18 Oz (Available After 10 AM)')",True, 18 Oz (Available After 10 AM),Signature Cafe Homestyle Meatloaf Hot 
3305,Your Price $8.99 each,Giovanni Rana Single Serve Fettucini Chicken Florentine - 16 OZ,($0.56 / Ounce),deli,"('Giovanni Rana Single Serve Fettucini Chicken Florentine ', ' 16 OZ')",True, 16 OZ,Giovanni Rana Single Serve Fettucini Chicken Florentine 
3306,Your Price $5.00  /  eaeach,Boars Head SmokeMaster Beechwood Smoked Black Forest Ham - 0.50 Lb,($9.99 / Lb),deli,"('Boars Head SmokeMaster Beechwood Smoked Black Forest Ham ', ' 0.50 Lb')",True, 0.50 Lb,Boars Head SmokeMaster Beechwood Smoked Black Forest Ham 
3307,Your Price $7.00  /  eaeach,Boars Head Simplicity All Natural Turkey Breast Roasted - 0.50 Lb,($13.99 / Lb),deli,"('Boars Head Simplicity All Natural Turkey Breast Roasted ', ' 0.50 Lb')",True, 0.50 Lb,Boars Head Simplicity All Natural Turkey Breast Roasted 
3308,Your Price $5.00  /  eaeach,Boars Head Bold Turkey Breast Blackened Oven Roasted - 0.50 Lb,($9.99 / Lb),deli,"('Boars Head Bold Turkey Breast Blackened Oven Roasted ', ' 0.50 Lb')",True, 0.50 Lb,Boars Head Bold Turkey Breast Blackened Oven Roasted 
3309,Your Price $5.49 each,King's Hawaiian Original Hawaiian Sweet Pre-Sliced Slider Buns - 11 Oz,($0.55 / Ounce),deli,"(""King's Hawaiian Original Hawaiian Sweet Pre Sliced Slider Buns"", '11 Oz')",True,11 Oz,King's Hawaiian Original Hawaiian Sweet Pre Sliced Slider Buns
3310,Your Price $5.49 each,King's Hawaiian Original Hawaiian Sweet Pretzel Pre-Sliced Slider Buns - 11 Oz,($0.50 / Ounce),deli,"(""King's Hawaiian Original Hawaiian Sweet Pretzel Pre Sliced Slider Buns"", '11 Oz')",True,11 Oz,King's Hawaiian Original Hawaiian Sweet Pretzel Pre Sliced Slider Buns
3311,Your Price $13.99 each,Deli Catering Tray Artisan Charcuterie Salami And Cheese - 12 OZ (Please allow 48 hours for delivery or pickup),($1.17 / Ounce),deli,"('Deli Catering Tray Artisan Charcuterie Salami And Cheese ', ' 12 OZ (Please allow 48 hours for delivery or pickup)')",True, 12 OZ (Please allow 48 hours for delivery or pickup),Deli Catering Tray Artisan Charcuterie Salami And Cheese 
3312,Your Price $7.49 each,Hot Pockets Deliwich Cheddar And Ham Frozen Deli Sandwich 4 Count - 12.9 Oz,($0.58 / Ounce),deli,"('Hot Pockets Deliwich Cheddar And Ham Frozen Deli Sandwich 4 Count ', ' 12.9 Oz')",True, 12.9 Oz,Hot Pockets Deliwich Cheddar And Ham Frozen Deli Sandwich 4 Count 
3313,Your Price $6.49 each,Boars Head London Broil Roast Beef Slider 3 Count - Each (510 Cal),($6.49 / Each),deli,"('Boars Head London Broil Roast Beef Slider 3 Count ', ' Each (510 Cal)')",True, Each (510 Cal),Boars Head London Broil Roast Beef Slider 3 Count 
3314,Your Price $3.99 each,Signature Cafe Chicken Salad Croissant Sandwich - Each (1010 Cal),($3.99 / Each),deli,"('Signature Cafe Chicken Salad Croissant Sandwich ', ' Each (1010 Cal)')",True, Each (1010 Cal),Signature Cafe Chicken Salad Croissant Sandwich 
3315,Your Price $6.49 each,Boars Head Cracked Pepper Turkey & Smoked Gouda Artisan Sandwich - Each (470 Cal),($6.49 / Each),deli,"('Boars Head Cracked Pepper Turkey & Smoked Gouda Artisan Sandwich ', ' Each (470 Cal)')",True, Each (470 Cal),Boars Head Cracked Pepper Turkey & Smoked Gouda Artisan Sandwich 
3316,Your Price $6.49 each,Signature Cafe Large Roast Beef & Cheese Sub - 15 Oz (810 Cal),($6.49 / Each),deli,"('Signature Cafe Large Roast Beef & Cheese Sub ', ' 15 Oz (810 Cal)')",True, 15 Oz (810 Cal),Signature Cafe Large Roast Beef & Cheese Sub 
3317,Your Price $3.99 each,Signature Cafe Sustainable Tuna Salad Croissant Sandwich - Each (720 Cal),($3.99 / Each),deli,"('Signature Cafe Sustainable Tuna Salad Croissant Sandwich ', ' Each (720 Cal)')",True, Each (720 Cal),Signature Cafe Sustainable Tuna Salad Croissant Sandwich 
3318,Your Price $6.49 each,AFC Sushi California Roll Special*- 7 Oz (Available After 11 AM),($0.93 / Ounce),deli,"('AFC Sushi California Roll Special*', ' 7 Oz (Available After 11 AM)')",True, 7 Oz (Available After 11 AM),AFC Sushi California Roll Special*
3319,Your Price $6.99 each,AFC Sushi California Salad Roll Special* - 7 Oz (Available After 11 AM),($1.00 / Ounce),deli,"('AFC Sushi California Salad Roll Special* ', ' 7 Oz (Available After 11 AM)')",True, 7 Oz (Available After 11 AM),AFC Sushi California Salad Roll Special* 
3320,Your Price $8.99 each,AFC Sushi Crunchy Roll Special* - 9 Oz (Available After 11 AM),($1.00 / Ounce),deli,"('AFC Sushi Crunchy Roll Special* ', ' 9 Oz (Available After 11 AM)')",True, 9 Oz (Available After 11 AM),AFC Sushi Crunchy Roll Special* 
3321,Your Price $8.49 each,AFC Sushi Spicy Tuna Roll Special - 7 Oz (Available After 11 AM),($1.21 / Ounce),deli,"('AFC Sushi Spicy Tuna Roll Special ', ' 7 Oz (Available After 11 AM)')",True, 7 Oz (Available After 11 AM),AFC Sushi Spicy Tuna Roll Special 
3322,Your Price $7.99 each,AFC Sushi Cream Cheese Roll Special* - 7 Oz (Available After 11 AM),($1.14 / Ounce),deli,"('AFC Sushi Cream Cheese Roll Special* ', ' 7 Oz (Available After 11 AM)')",True, 7 Oz (Available After 11 AM),AFC Sushi Cream Cheese Roll Special* 
3323,Your Price $8.49 each,AFC Sushi Spicy Salmon Roll Special* - 7 Oz (Available After 11 AM),($1.21 / Ounce),deli,"('AFC Sushi Spicy Salmon Roll Special* ', ' 7 Oz (Available After 11 AM)')",True, 7 Oz (Available After 11 AM),AFC Sushi Spicy Salmon Roll Special* 
3324,Your Price $6.49 each,AFC Sushi Vegetable Combo Special* - 7 Oz (Available After 11 AM),($0.93 / Ounce),deli,"('AFC Sushi Vegetable Combo Special* ', ' 7 Oz (Available After 11 AM)')",True, 7 Oz (Available After 11 AM),AFC Sushi Vegetable Combo Special* 
3325,Your Price $6.99 each,AFC Sushi Spicy California Roll Special* - 8 Oz (Available After 11 AM),($0.94 / Ounce),deli,"('AFC Sushi Spicy California Roll Special* ', ' 8 Oz (Available After 11 AM)')",True, 8 Oz (Available After 11 AM),AFC Sushi Spicy California Roll Special* 
3326,Your Price $7.49 each,AFC Sushi Seaside Combo 16 Count - 8.25 Oz (Available After 11 AM),($0.90 / Ounce),deli,"('AFC Sushi Seaside Combo 16 Count ', ' 8.25 Oz (Available After 11 AM)')",True, 8.25 Oz (Available After 11 AM),AFC Sushi Seaside Combo 16 Count 
3327,Your Price $10.49 each,Advanced Fresh Concepts Sushi Crunchy Shrimp Tempura Roll*- 9 Oz,($1.17 / Ounce),deli,"('Advanced Fresh Concepts Sushi Crunchy Shrimp Tempura Roll*', ' 9 Oz')",True, 9 Oz,Advanced Fresh Concepts Sushi Crunchy Shrimp Tempura Roll*
3328,Your Price $8.99 each,AFC Sushi Spicy Salmon Roll Brown Rice* - 7 Oz (Available After 11 AM),($1.28 / Ounce),deli,"('AFC Sushi Spicy Salmon Roll Brown Rice* ', ' 7 Oz (Available After 11 AM)')",True, 7 Oz (Available After 11 AM),AFC Sushi Spicy Salmon Roll Brown Rice* 
3329,Your Price $4.29 each,AFC Shrimp Grilled Vegetables* - Each (Available After 11 AM),($0.72 / Ounce),deli,"('AFC Shrimp Grilled Vegetables* ', ' Each (Available After 11 AM)')",True, Each (Available After 11 AM),AFC Shrimp Grilled Vegetables* 
3330,Your Price $21.49 each,AFC Chef Hybrid Ichi Sushi Platter* - 16 OZ (Available After 11 AM),($0.93 / Ounce),deli,"('AFC Chef Hybrid Ichi Sushi Platter* ', ' 16 OZ (Available After 11 AM)')",True, 16 OZ (Available After 11 AM),AFC Chef Hybrid Ichi Sushi Platter* 
3331,Your Price $7.49 each,Lesley Stowe Raincoast Crisps Crackers Cranberry And Hazelnut - 5.3 Oz,($1.41 / Ounce),deli,"('Lesley Stowe Raincoast Crisps Crackers Cranberry And Hazelnut ', ' 5.3 Oz')",True, 5.3 Oz,Lesley Stowe Raincoast Crisps Crackers Cranberry And Hazelnut 
3332,Your Price $3.49 each,Valley Lahvosh Baking Co. Crackers Original Tree Shaped - 4.5 Oz,($0.78 / Ounce),deli,"('Valley Lahvosh Baking Co. Crackers Original Tree Shaped ', ' 4.5 Oz')",True, 4.5 Oz,Valley Lahvosh Baking Co. Crackers Original Tree Shaped 
3333,Your Price $2.00 each,Ov Pink Himalayan Salt Chickpea Chips 3.75 Ounce Bag - 3.5 OZ,($0.53 / Ounce),deli,"('Ov Pink Himalayan Salt Chickpea Chips 3.75 Ounce Bag ', ' 3.5 OZ')",True, 3.5 OZ,Ov Pink Himalayan Salt Chickpea Chips 3.75 Ounce Bag 
3334,Your Price $2.00 each,Ov Red Chili And Citrus Chickpea Chips Bag 3.75 Ounce - 3.5 OZ,($0.57 / Ounce),deli,"('Ov Red Chili And Citrus Chickpea Chips Bag 3.75 Ounce ', ' 3.5 OZ')",True, 3.5 OZ,Ov Red Chili And Citrus Chickpea Chips Bag 3.75 Ounce 
3335,Your Price $4.99 each,Valley Lahvosh Baking Co. Crackerbread Stars Original - 4.5 Oz,($1.11 / Ounce),deli,"('Valley Lahvosh Baking Co. Crackerbread Stars Original ', ' 4.5 Oz')",True, 4.5 Oz,Valley Lahvosh Baking Co. Crackerbread Stars Original 
3336,Your Price $6.99 each,"Signature Cafe Spicy Jambalaya with Sausage, White Meat Chicken & Uncured Ham - 24 Oz",($0.29 / Ounce),deli,"('Signature Cafe Spicy Jambalaya with Sausage, White Meat Chicken & Uncured Ham ', ' 24 Oz')",True, 24 Oz,"Signature Cafe Spicy Jambalaya with Sausage, White Meat Chicken & Uncured Ham "
3337,Your Price $5.99 each,Panera Bread Gluten Free Creamy Chicken & Wild Rice Soup - 16 Oz,($0.37 / Ounce),deli,"('Panera Bread Gluten Free Creamy Chicken & Wild Rice Soup ', ' 16 Oz')",True, 16 Oz,Panera Bread Gluten Free Creamy Chicken & Wild Rice Soup 
3338,Your Price $6.99 each,Panera Bread Vegetarian Broccoli Cheddar Mac & Cheese Microwave Meal - 16 Oz,($0.44 / Ounce),deli,"('Panera Bread Vegetarian Broccoli Cheddar Mac & Cheese Microwave Meal ', ' 16 Oz')",True, 16 Oz,Panera Bread Vegetarian Broccoli Cheddar Mac & Cheese Microwave Meal 
3339,Your Price $5.99 each,Panera Bread Italian Style Wedding Soup with Chicken Meatballs - 16 Oz,($0.37 / Ounce),deli,"('Panera Bread Italian Style Wedding Soup with Chicken Meatballs ', ' 16 Oz')",True, 16 Oz,Panera Bread Italian Style Wedding Soup with Chicken Meatballs 
3340,Your Price $7.49 each,Herban Fresh Roasted Corn & Red Pepper Chowder Soup Cup - 23.5 OZ,($0.32 / Ounce),deli,"('Herban Fresh Roasted Corn & Red Pepper Chowder Soup Cup ', ' 23.5 OZ')",True, 23.5 OZ,Herban Fresh Roasted Corn & Red Pepper Chowder Soup Cup 
3341,Your Price $5.99 each,Open Nature Cauliflower Crust Uncured Pepperoni Gluten Free Frozen Pizza - 10.63 Oz,($0.56 / Ounce),frozen-foods,"('Open Nature Cauliflower Crust Uncured Pepperoni Gluten Free Frozen Pizza ', ' 10.63 Oz')",True, 10.63 Oz,Open Nature Cauliflower Crust Uncured Pepperoni Gluten Free Frozen Pizza 
3342,Your Price $5.79 each,Benihana The Japanese Steakhouse Yakisoba Chicken Frozen Meal Box - 10 Oz,($0.58 / Ounce),frozen-foods,"('Benihana The Japanese Steakhouse Yakisoba Chicken Frozen Meal Box ', ' 10 Oz')",True, 10 Oz,Benihana The Japanese Steakhouse Yakisoba Chicken Frozen Meal Box 
3343,Your Price $8.49 each,DiGiorno Easy Dinner Frozen Four Cheese Pizza on a Croissant Crust - 25.3 Oz,($0.34 / Ounce),frozen-foods,"('DiGiorno Easy Dinner Frozen Four Cheese Pizza on a Croissant Crust ', ' 25.3 Oz')",True, 25.3 Oz,DiGiorno Easy Dinner Frozen Four Cheese Pizza on a Croissant Crust 
3344,Your Price $16.99 each,Stouffer's Party Size Veggie Lovers Lasagna Frozen Meal - 96 Oz,($0.18 / Ounce),frozen-foods,"(""Stouffer's Party Size Veggie Lovers Lasagna Frozen Meal "", ' 96 Oz')",True, 96 Oz,Stouffer's Party Size Veggie Lovers Lasagna Frozen Meal 
3345,Your Price $4.79 each,Stouffer's Bowl Fulls Slow Roasted Steak & Potatoes Frozen Meal - 13.5 Oz,($0.35 / Ounce),frozen-foods,"(""Stouffer's Bowl Fulls Slow Roasted Steak & Potatoes Frozen Meal "", ' 13.5 Oz')",True, 13.5 Oz,Stouffer's Bowl Fulls Slow Roasted Steak & Potatoes Frozen Meal 
3346,Your Price $5.79 each,Benihana The Japanese Steakhouse Hibachi Chicken Rice Frozen Meal Box - 10 Oz,($0.58 / Ounce),frozen-foods,"('Benihana The Japanese Steakhouse Hibachi Chicken Rice Frozen Meal Box ', ' 10 Oz')",True, 10 Oz,Benihana The Japanese Steakhouse Hibachi Chicken Rice Frozen Meal Box 
3347,Your Price $4.29 each,Red Baron Pizza Deep Dish Singles Pepperoni 2 Count - 11.2 Oz,($0.38 / Ounce),frozen-foods,"('Red Baron Pizza Deep Dish Singles Pepperoni 2 Count ', ' 11.2 Oz')",True, 11.2 Oz,Red Baron Pizza Deep Dish Singles Pepperoni 2 Count 
3348,Your Price $9.49 each,Birds Eye Voila Family Size Garlic Chicken Frozen Meal - 42 Oz,($0.23 / Ounce),frozen-foods,"('Birds Eye Voila Family Size Garlic Chicken Frozen Meal ', ' 42 Oz')",True, 42 Oz,Birds Eye Voila Family Size Garlic Chicken Frozen Meal 
3349,Your Price $9.49 each,Birds Eye Voila Family Size Alfredo Chicken Frozen Meal - 42 Oz,($0.23 / Ounce),frozen-foods,"('Birds Eye Voila Family Size Alfredo Chicken Frozen Meal ', ' 42 Oz')",True, 42 Oz,Birds Eye Voila Family Size Alfredo Chicken Frozen Meal 
3350,Your Price $4.49 each,Healthy Choice Power Bowls Basil Pesto Chicken With Riced Cauliflower Frozen Meal - 9.25 Oz,($0.49 / Ounce),frozen-foods,"('Healthy Choice Power Bowls Basil Pesto Chicken With Riced Cauliflower Frozen Meal ', ' 9.25 Oz')",True, 9.25 Oz,Healthy Choice Power Bowls Basil Pesto Chicken With Riced Cauliflower Frozen Meal 
3351,Your Price $16.99 each,Stouffer's Party Size Lasagna with Meat & Sauce Frozen Meal - 90 Oz,($0.19 / Ounce),frozen-foods,"(""Stouffer's Party Size Lasagna with Meat & Sauce Frozen Meal "", ' 90 Oz')",True, 90 Oz,Stouffer's Party Size Lasagna with Meat & Sauce Frozen Meal 
3352,Your Price $11.99 each,Marie Callender's Chicken Frozen Pot Pie Dinner Multi Pack 4 Count - 10 Oz,($0.30 / Ounce),frozen-foods,"(""Marie Callender's Chicken Frozen Pot Pie Dinner Multi Pack 4 Count "", ' 10 Oz')",True, 10 Oz,Marie Callender's Chicken Frozen Pot Pie Dinner Multi Pack 4 Count 
3353,Your Price $4.99 each,Signature SELECT Pizza Rising Crust Pepperoni Frozen - 30.5 Oz,($0.16 / Ounce),frozen-foods,"('Signature SELECT Pizza Rising Crust Pepperoni Frozen ', ' 30.5 Oz')",True, 30.5 Oz,Signature SELECT Pizza Rising Crust Pepperoni Frozen 
3354,Your Price $3.99 each,Marie Callender's Fettuccini With Chicken & Broccoli Frozen Dinner - 13 Oz,($0.31 / Ounce),frozen-foods,"(""Marie Callender's Fettuccini With Chicken & Broccoli Frozen Dinner "", ' 13 Oz')",True, 13 Oz,Marie Callender's Fettuccini With Chicken & Broccoli Frozen Dinner 
3355,Your Price $3.49 each,Boston Market Home Style Meals Meatloaf with Mashed Potatoes & Traditional Brown Gravy - 14 Oz,($0.25 / Ounce),frozen-foods,"('Boston Market Home Style Meals Meatloaf with Mashed Potatoes & Traditional Brown Gravy ', ' 14 Oz')",True, 14 Oz,Boston Market Home Style Meals Meatloaf with Mashed Potatoes & Traditional Brown Gravy 
3356,Your Price $9.49 each,P.F. Chang's Home Menu Mongolian Style Beef Skillet Frozen Meal - 22 Oz,($0.43 / Ounce),frozen-foods,"(""P.F. Chang's Home Menu Mongolian Style Beef Skillet Frozen Meal "", ' 22 Oz')",True, 22 Oz,P.F. Chang's Home Menu Mongolian Style Beef Skillet Frozen Meal 
3357,Your Price $4.99 each,Bomb Pop Original Ice Pop Frozen Sweet Treat for Back to School - 12 Count,($0.24 / Fl.oz),frozen-foods,"('Bomb Pop Original Ice Pop Frozen Sweet Treat for Back to School ', ' 12 Count')",True, 12 Count,Bomb Pop Original Ice Pop Frozen Sweet Treat for Back to School 
3358,Your Price $7.49 each,Outshine Cherry Tangerine and Grape Frozen Fruit Bars Variety Pack - 12 Count,($0.42 / Fl.oz),frozen-foods,"('Outshine Cherry Tangerine and Grape Frozen Fruit Bars Variety Pack ', ' 12 Count')",True, 12 Count,Outshine Cherry Tangerine and Grape Frozen Fruit Bars Variety Pack 
3359,Your Price $7.49 each,Outshine Strawberry Lime and Raspberry Frozen Fruit Bars Variety Pack - 12 Count,($0.42 / Fl.oz),frozen-foods,"('Outshine Strawberry Lime and Raspberry Frozen Fruit Bars Variety Pack ', ' 12 Count')",True, 12 Count,Outshine Strawberry Lime and Raspberry Frozen Fruit Bars Variety Pack 
3360,Your Price $4.99 each,Yasso Frozen Yogurt Greek Bars Chocolate Fudge - 4-3.5 Fl. Oz.,($0.36 / Fl.oz),frozen-foods,"('Yasso Frozen Yogurt Greek Bars Chocolate Fudge  ', '4-3.5 Fl. Oz.')",True,4-3.5 Fl. Oz.,Yasso Frozen Yogurt Greek Bars Chocolate Fudge  
3361,Your Price $5.79 each,Blue Bunny Mini Swirls Strawberry Shortcake Cones Frozen Dessert for Winter - 8 Count,($0.31 / Fl.oz),frozen-foods,"('Blue Bunny Mini Swirls Strawberry Shortcake Cones Frozen Dessert for Winter ', ' 8 Count')",True, 8 Count,Blue Bunny Mini Swirls Strawberry Shortcake Cones Frozen Dessert for Winter 
3362,Your Price $9.49 each,Drumstick Cookie Dipped Vanilla Fudge and Vanilla Caramel Ice Cream Sundae Cone - 36.8 Fl. Oz.,($0.26 / Fl.oz),frozen-foods,"('Drumstick Cookie Dipped Vanilla Fudge and Vanilla Caramel Ice Cream Sundae Cone ', ' 36.8 Fl. Oz.')",True, 36.8 Fl. Oz.,Drumstick Cookie Dipped Vanilla Fudge and Vanilla Caramel Ice Cream Sundae Cone 
3363,Your Price $9.49 each,Drumstick Chocolate Vanilla Caramel Cones Variety Pack - 8 Count,($0.26 / Fl.oz),frozen-foods,"('Drumstick Chocolate Vanilla Caramel Cones Variety Pack ', ' 8 Count')",True, 8 Count,Drumstick Chocolate Vanilla Caramel Cones Variety Pack 
3364,Your Price $9.49 each,Toll House Vanilla Chocolate Chip Cookie Sandwiches - 7 Count,($10.85 / Quart),frozen-foods,"('Toll House Vanilla Chocolate Chip Cookie Sandwiches ', ' 7 Count')",True, 7 Count,Toll House Vanilla Chocolate Chip Cookie Sandwiches 
3365,Your Price $3.99 each,Signature SELECT Ice Cream Sandwiches Vanila Flavored - 12-3.5 Fl. Oz.,($0.10 / Fl.oz),frozen-foods,"('Signature SELECT Ice Cream Sandwiches Vanila Flavored  ', '12-3.5 Fl. Oz.')",True,12-3.5 Fl. Oz.,Signature SELECT Ice Cream Sandwiches Vanila Flavored  
3366,Your Price $6.49 each,Signature SELECT Ice Cream Sundae Cones Variety Pack - 8-4.6 Fl. Oz.,($0.18 / Fl.oz),frozen-foods,"('Signature SELECT Ice Cream Sundae Cones Variety Pack  ', '8-4.6 Fl. Oz.')",True,8-4.6 Fl. Oz.,Signature SELECT Ice Cream Sundae Cones Variety Pack  
3367,Your Price $7.49 each,Outshine No Sugar Strawberry Tangerine and Raspberry Frozen Fruit Bars Variety Pack - 12 Count,($0.42 / Fl.oz),frozen-foods,"('Outshine No Sugar Strawberry Tangerine and Raspberry Frozen Fruit Bars Variety Pack ', ' 12 Count')",True, 12 Count,Outshine No Sugar Strawberry Tangerine and Raspberry Frozen Fruit Bars Variety Pack 
3368,Your Price $9.49 each,Drumstick Crunch Dipped Vanilla Caramel and Vanilla Fudge Cones - 8 Count,($0.26 / Fl.oz),frozen-foods,"('Drumstick Crunch Dipped Vanilla Caramel and Vanilla Fudge Cones ', ' 8 Count')",True, 8 Count,Drumstick Crunch Dipped Vanilla Caramel and Vanilla Fudge Cones 
3369,Your Price $4.49 each,Birds Eye Skillets Garlic Butter Green Beans Frozen Vegetables - 11 Oz,($0.41 / Ounce),frozen-foods,"('Birds Eye Skillets Garlic Butter Green Beans Frozen Vegetables ', ' 11 Oz')",True, 11 Oz,Birds Eye Skillets Garlic Butter Green Beans Frozen Vegetables 
3370,Your Price $3.79 each,Birds Eye Steamfresh Broccoli Florets Frozen Vegetable - 10.8 Oz,($0.35 / Ounce),frozen-foods,"('Birds Eye Steamfresh Broccoli Florets Frozen Vegetable ', ' 10.8 Oz')",True, 10.8 Oz,Birds Eye Steamfresh Broccoli Florets Frozen Vegetable 
3371,Your Price $4.49 each,Ore-Ida Extra Crispy Fast Food French Fries Fried Frozen Potatoes Bag - 26 Oz,($0.17 / Ounce),frozen-foods,"('Ore Ida Extra Crispy Fast Food French Fries Fried Frozen Potatoes Bag', '26 Oz')",True,26 Oz,Ore Ida Extra Crispy Fast Food French Fries Fried Frozen Potatoes Bag
3372,Your Price $4.99 each,Pictsweet Farms Vegetables For Roasting Brussel Sprouts Butternut Squash & Onions - 18 Oz,($0.28 / Ounce),frozen-foods,"('Pictsweet Farms Vegetables For Roasting Brussel Sprouts Butternut Squash & Onions ', ' 18 Oz')",True, 18 Oz,Pictsweet Farms Vegetables For Roasting Brussel Sprouts Butternut Squash & Onions 
3373,Your Price $3.79 each,Birds Eye Steamfresh Gold And White Corn Carrots & Asparagus Mixed Frozen Vegetables - 10.8 Oz,($0.35 / Ounce),frozen-foods,"('Birds Eye Steamfresh Gold And White Corn Carrots & Asparagus Mixed Frozen Vegetables ', ' 10.8 Oz')",True, 10.8 Oz,Birds Eye Steamfresh Gold And White Corn Carrots & Asparagus Mixed Frozen Vegetables 
3374,Your Price $4.49 each,Ore-Ida Golden Crinkles French Fries Fried Frozen Potatoes Bag - 32 Oz,($0.14 / Ounce),frozen-foods,"('Ore Ida Golden Crinkles French Fries Fried Frozen Potatoes Bag', '32 Oz')",True,32 Oz,Ore Ida Golden Crinkles French Fries Fried Frozen Potatoes Bag
3375,Your Price $4.49 each,Ore-Ida Golden Thick Cut Steak French Fries Fried Frozen Potatoes Bag - 28 Oz,($0.16 / Ounce),frozen-foods,"('Ore Ida Golden Thick Cut Steak French Fries Fried Frozen Potatoes Bag', '28 Oz')",True,28 Oz,Ore Ida Golden Thick Cut Steak French Fries Fried Frozen Potatoes Bag
3376,Your Price $2.29 each,Birds Eye Steamfresh Super Sweet Corn Frozen Vegetable - 10 Oz,($0.23 / Ounce),frozen-foods,"('Birds Eye Steamfresh Super Sweet Corn Frozen Vegetable ', ' 10 Oz')",True, 10 Oz,Birds Eye Steamfresh Super Sweet Corn Frozen Vegetable 
3377,Your Price $4.99 each,Pictsweet Farms Vegetables For Grilling Broccoli Florets Red Potatoes & Carrots - 12 Oz,($0.42 / Ounce),frozen-foods,"('Pictsweet Farms Vegetables For Grilling Broccoli Florets Red Potatoes & Carrots ', ' 12 Oz')",True, 12 Oz,Pictsweet Farms Vegetables For Grilling Broccoli Florets Red Potatoes & Carrots 
3378,Your Price $3.79 each,Birds Eye Steamfresh Broccoli Cauliflower & Carrots Frozen Vegetables - 10.8 Oz,($0.35 / Ounce),frozen-foods,"('Birds Eye Steamfresh Broccoli Cauliflower & Carrots Frozen Vegetables ', ' 10.8 Oz')",True, 10.8 Oz,Birds Eye Steamfresh Broccoli Cauliflower & Carrots Frozen Vegetables 
3379,Your Price $4.99 each,Pictsweet Farms Vegetables For Roasting Cauliflower Sweet Potatoes & Brussels Sprouts - 18 Oz,($0.28 / Ounce),frozen-foods,"('Pictsweet Farms Vegetables For Roasting Cauliflower Sweet Potatoes & Brussels Sprouts ', ' 18 Oz')",True, 18 Oz,Pictsweet Farms Vegetables For Roasting Cauliflower Sweet Potatoes & Brussels Sprouts 
3380,Your Price $4.99 each,Hot Pockets Big & Bold Buffalo Style Chicken Sandwiches Box - 2 Counnt,($0.37 / Ounce),frozen-foods,"('Hot Pockets Big & Bold Buffalo Style Chicken Sandwiches Box ', ' 2 Counnt')",True, 2 Counnt,Hot Pockets Big & Bold Buffalo Style Chicken Sandwiches Box 
3381,Your Price $3.79 each,Hot Pockets Crispy Crust Premium Pepperoni Pizza Sandwiches - 2 Count,($0.42 / Ounce),frozen-foods,"('Hot Pockets Crispy Crust Premium Pepperoni Pizza Sandwiches ', ' 2 Count')",True, 2 Count,Hot Pockets Crispy Crust Premium Pepperoni Pizza Sandwiches 
3382,Your Price $3.79 each,Hot Pockets Premium Garlic Buttery Crust Pepperoni Pizza Sandwiches - 2 Count,($0.42 / Ounce),frozen-foods,"('Hot Pockets Premium Garlic Buttery Crust Pepperoni Pizza Sandwiches ', ' 2 Count')",True, 2 Count,Hot Pockets Premium Garlic Buttery Crust Pepperoni Pizza Sandwiches 
3383,Your Price $4.49 each,TGI Fridays Spinach & Artichoke Cheese Dip Frozen Snack Box - 8 Oz,($0.56 / Ounce),frozen-foods,"('TGI Fridays Spinach & Artichoke Cheese Dip Frozen Snack Box ', ' 8 Oz')",True, 8 Oz,TGI Fridays Spinach & Artichoke Cheese Dip Frozen Snack Box 
3384,Your Price $7.49 each,Stouffer's Bacon And White Cheddar Mac Bites Frozen Appetizer - 12 Oz,($0.62 / Ounce),frozen-foods,"(""Stouffer's Bacon And White Cheddar Mac Bites Frozen Appetizer "", ' 12 Oz')",True, 12 Oz,Stouffer's Bacon And White Cheddar Mac Bites Frozen Appetizer 
3385,Your Price $6.99 each,TGI Fridays Loaded Cheddar & Bacon Potato Skins Frozen Snacks Box - 13.5 Oz,($0.52 / Ounce),frozen-foods,"('TGI Fridays Loaded Cheddar & Bacon Potato Skins Frozen Snacks Box ', ' 13.5 Oz')",True, 13.5 Oz,TGI Fridays Loaded Cheddar & Bacon Potato Skins Frozen Snacks Box 
3386,Your Price $7.99 each,Farm Rich Snacks Jalapeno Peppers Breaded With Cream Cheese - 18 Oz,($0.44 / Ounce),frozen-foods,"('Farm Rich Snacks Jalapeno Peppers Breaded With Cream Cheese ', ' 18 Oz')",True, 18 Oz,Farm Rich Snacks Jalapeno Peppers Breaded With Cream Cheese 
3387,Your Price $10.99 each,Bagel Bites Cheese & Pepperoni Mini Pizza Bagel Frozen Snacks Box - 40 Count,($0.35 / Ounce),frozen-foods,"('Bagel Bites Cheese & Pepperoni Mini Pizza Bagel Frozen Snacks Box ', ' 40 Count')",True, 40 Count,Bagel Bites Cheese & Pepperoni Mini Pizza Bagel Frozen Snacks Box 
3388,Your Price $6.99 each,TGI Fridays Frozen Appetizers Cream Cheese Stuffed Jalapeno Poppers Box - 15 Oz,($0.47 / Ounce),frozen-foods,"('TGI Fridays Frozen Appetizers Cream Cheese Stuffed Jalapeno Poppers Box ', ' 15 Oz')",True, 15 Oz,TGI Fridays Frozen Appetizers Cream Cheese Stuffed Jalapeno Poppers Box 
3389,Your Price $6.99 each,TGI Fridays Frozen Appetizers Buffalo Style Boneless Chicken Bites Box - 15 Oz,($0.47 / Ounce),frozen-foods,"('TGI Fridays Frozen Appetizers Buffalo Style Boneless Chicken Bites Box ', ' 15 Oz')",True, 15 Oz,TGI Fridays Frozen Appetizers Buffalo Style Boneless Chicken Bites Box 
3390,Your Price $11.49 each,TGI Fridays Loaded Cheddar & Bacon Potato Skins Value Size Frozen Snacks Box - 22.3 Oz,($0.52 / Ounce),frozen-foods,"('TGI Fridays Loaded Cheddar & Bacon Potato Skins Value Size Frozen Snacks Box ', ' 22.3 Oz')",True, 22.3 Oz,TGI Fridays Loaded Cheddar & Bacon Potato Skins Value Size Frozen Snacks Box 
3391,Your Price $3.99 each,Signature SELECT Frozen Unsweetened Whole Strawberries - 16 Oz,($0.25 / Ounce),frozen-foods,"('Signature SELECT Frozen Unsweetened Whole Strawberries ', ' 16 Oz')",True, 16 Oz,Signature SELECT Frozen Unsweetened Whole Strawberries 
3392,Your Price $7.49 each,Delizza Eclairs Belgian Custard Cream Mini 30 Count - 14.8 Oz,($0.51 / Ounce),frozen-foods,"('Delizza Eclairs Belgian Custard Cream Mini 30 Count ', ' 14.8 Oz')",True, 14.8 Oz,Delizza Eclairs Belgian Custard Cream Mini 30 Count 
3393,Your Price $5.29 each,Pepperidge Farm Puff Pastry Turnovers Apple 4 Count - 12.5 Oz,($0.42 / Ounce),frozen-foods,"('Pepperidge Farm Puff Pastry Turnovers Apple 4 Count ', ' 12.5 Oz')",True, 12.5 Oz,Pepperidge Farm Puff Pastry Turnovers Apple 4 Count 
3394,Your Price $3.00 each,Welchs Smoothie Strawberry Banana Drink In A Pouch - 6 Fl. Oz.,($0.50 / Fl.oz),frozen-foods,"('Welchs Smoothie Strawberry Banana Drink In A Pouch ', ' 6 Fl. Oz.')",True, 6 Fl. Oz.,Welchs Smoothie Strawberry Banana Drink In A Pouch 
3395,Your Price $3.79 each,Minute Maid Premium Juice Frozen Concentrated Orange Original - 12 Fl. Oz.,($0.32 / Fl.oz),frozen-foods,"('Minute Maid Premium Juice Frozen Concentrated Orange Original ', ' 12 Fl. Oz.')",True, 12 Fl. Oz.,Minute Maid Premium Juice Frozen Concentrated Orange Original 
3396,Your Price $4.29 each,Bacardi Mixers Frozen Concentrated Strawberry Daiquiri - 10 Fl. Oz.,($0.43 / Fl.oz),frozen-foods,"('Bacardi Mixers Frozen Concentrated Strawberry Daiquiri ', ' 10 Fl. Oz.')",True, 10 Fl. Oz.,Bacardi Mixers Frozen Concentrated Strawberry Daiquiri 
3397,Your Price $4.33 each,Taylor Farms Sunflower Crunch Chopped Salad Kit Bag - 12.85 Oz,($0.34 / Ounce),fruits-vegetables,"('Taylor Farms Sunflower Crunch Chopped Salad Kit Bag ', ' 12.85 Oz')",True, 12.85 Oz,Taylor Farms Sunflower Crunch Chopped Salad Kit Bag 
3398,Your Price $4.33 each,Taylor Farms Steakhouse Wedge Chopped Salad Kit Bag - 12.35 Oz,($0.34 / Ounce),fruits-vegetables,"('Taylor Farms Steakhouse Wedge Chopped Salad Kit Bag ', ' 12.35 Oz')",True, 12.35 Oz,Taylor Farms Steakhouse Wedge Chopped Salad Kit Bag 
3399,Your Price $4.33 each,Taylor Farms Thai Chili Mango Chopped Salad Kit Bag - 11.25 Oz,($0.38 / Ounce),fruits-vegetables,"('Taylor Farms Thai Chili Mango Chopped Salad Kit Bag ', ' 11.25 Oz')",True, 11.25 Oz,Taylor Farms Thai Chili Mango Chopped Salad Kit Bag 
3400,Your Price $4.33 each,Taylor Farms Maple Bourbon Bacon Chopped Salad Kit Bag - 12.8 Oz,($0.34 / Ounce),fruits-vegetables,"('Taylor Farms Maple Bourbon Bacon Chopped Salad Kit Bag ', ' 12.8 Oz')",True, 12.8 Oz,Taylor Farms Maple Bourbon Bacon Chopped Salad Kit Bag 
3401,Your Price $9.99 each,POM Wonderful Ready-to-Eat Fresh Pomegranate Arils 2 Count - 8 Oz,($0.62 / Ounce),fruits-vegetables,"('POM Wonderful Ready toEat Fresh Pomegranate Arils 2 Count', '8 Oz')",True,8 Oz,POM Wonderful Ready toEat Fresh Pomegranate Arils 2 Count
3402,Your Price $3.49 each,Signature Farms Trimmed Celery Stalks Washed Prepacked - 16 Oz,($3.49 / Lb),fruits-vegetables,"('Signature Farms Trimmed Celery Stalks Washed Prepacked ', ' 16 Oz')",True, 16 Oz,Signature Farms Trimmed Celery Stalks Washed Prepacked 
3403,Your Price $6.99 each,Signature Farms Roasted And Salted Shelled Pistachios Shipper - 10 OZ,($0.70 / Ounce),fruits-vegetables,"('Signature Farms Roasted And Salted Shelled Pistachios Shipper ', ' 10 OZ')",True, 10 OZ,Signature Farms Roasted And Salted Shelled Pistachios Shipper 
3404,Your Price $7.99 each,Perfect Bar Snack Size Dark Chocolate Chip Peanut Butter - 7 OZ,($1.14 / Ounce),fruits-vegetables,"('Perfect Bar Snack Size Dark Chocolate Chip Peanut Butter ', ' 7 OZ')",True, 7 OZ,Perfect Bar Snack Size Dark Chocolate Chip Peanut Butter 
3405,Your Price $9.99 each,Wonderful Pistachios No Shells Roasted & Lightly Salted Pistachios Resealable - 12 Oz,($0.83 / Ounce),fruits-vegetables,"('Wonderful Pistachios No Shells Roasted & Lightly Salted Pistachios Resealable ', ' 12 Oz')",True, 12 Oz,Wonderful Pistachios No Shells Roasted & Lightly Salted Pistachios Resealable 
3406,Your Price $6.99 each,Wonderful Pistachios No Shells Roasted & Lightly Salted Pistachios - 6 Oz.,($1.12 / Ounce),fruits-vegetables,"('Wonderful Pistachios No Shells Roasted & Lightly Salted Pistachios ', ' 6 Oz.')",True, 6 Oz.,Wonderful Pistachios No Shells Roasted & Lightly Salted Pistachios 
3407,Your Price $6.99 each,Wonderful Pistachios No Shells Honey Roasted Pistachios - 5.5 Oz.,($1.27 / Ounce),fruits-vegetables,"('Wonderful Pistachios No Shells Honey Roasted Pistachios ', ' 5.5 Oz.')",True, 5.5 Oz.,Wonderful Pistachios No Shells Honey Roasted Pistachios 
3408,Your Price $2.99 each,Ancient Harvest Supergrain Pasta Organic Gluten Free Quinoa Spaghetti Box - 8 Oz,($0.37 / Ounce),grains-pasta-sides,"('Ancient Harvest Supergrain Pasta Organic Gluten Free Quinoa Spaghetti Box ', ' 8 Oz')",True, 8 Oz,Ancient Harvest Supergrain Pasta Organic Gluten Free Quinoa Spaghetti Box 
3409,Your Price $3.00 each,Bertolli Garlic Alfredo Sauce with Aged Parmesan Cheese - 15 Oz,($0.20 / Ounce),grains-pasta-sides,"('Bertolli Garlic Alfredo Sauce with Aged Parmesan Cheese ', ' 15 Oz')",True, 15 Oz,Bertolli Garlic Alfredo Sauce with Aged Parmesan Cheese 
3410,Your Price $3.49 each,Ben's Original Ready Rice Easy Dinner Side Flavored Rice Pilaf Pouch - 8.8 Oz,($0.40 / Ounce),grains-pasta-sides,"(""Ben's Original Ready Rice Easy Dinner Side Flavored Rice Pilaf Pouch "", ' 8.8 Oz')",True, 8.8 Oz,Ben's Original Ready Rice Easy Dinner Side Flavored Rice Pilaf Pouch 
3411,Your Price $3.49 each,Ben's Original Ready Rice Easy Dinner Side Spanish Style Flavored Rice Pouch - 8.8 Oz,($0.40 / Ounce),grains-pasta-sides,"(""Ben's Original Ready Rice Easy Dinner Side Spanish Style Flavored Rice Pouch "", ' 8.8 Oz')",True, 8.8 Oz,Ben's Original Ready Rice Easy Dinner Side Spanish Style Flavored Rice Pouch 
3412,Your Price $3.49 each,Ben's Original Ready Rice Easy Dinner Side Long Grain & Wild Flavored Rice Pouch - 8.8 Oz,($0.40 / Ounce),grains-pasta-sides,"(""Ben's Original Ready Rice Easy Dinner Side Long Grain & Wild Flavored Rice Pouch "", ' 8.8 Oz')",True, 8.8 Oz,Ben's Original Ready Rice Easy Dinner Side Long Grain & Wild Flavored Rice Pouch 
3413,Your Price $3.49 each,Minute Ready to Serve! Rice Microwaveable Multi-Grain Medley Cup - 8.8 Oz,($0.40 / Ounce),grains-pasta-sides,"('Minute Ready to Serve! Rice Microwaveable Multi Grain Medley Cup', '8.8 Oz')",True,8.8 Oz,Minute Ready to Serve! Rice Microwaveable Multi Grain Medley Cup
3414,Your Price $3.49 each,Ben's Original Ready Rice Easy Dinner Side Cilantro Lime Flavored Rice Pouch - 8.5 Oz,($0.41 / Ounce),grains-pasta-sides,"(""Ben's Original Ready Rice Easy Dinner Side Cilantro Lime Flavored Rice Pouch "", ' 8.5 Oz')",True, 8.5 Oz,Ben's Original Ready Rice Easy Dinner Side Cilantro Lime Flavored Rice Pouch 
3415,Your Price $3.49 each,Ben's Original Ready Rice Easy Dinner Side Fried Flavored Rice Pouch - 8.5 Oz,($0.41 / Ounce),grains-pasta-sides,"(""Ben's Original Ready Rice Easy Dinner Side Fried Flavored Rice Pouch "", ' 8.5 Oz')",True, 8.5 Oz,Ben's Original Ready Rice Easy Dinner Side Fried Flavored Rice Pouch 
3416,Your Price $1.79 each,Knorr Cheddar Broccoli Long Grain Rice & Vermicelli Pasta Blend Rice Sides - 5.7 Oz,($0.31 / Ounce),grains-pasta-sides,"('Knorr Cheddar Broccoli Long Grain Rice & Vermicelli Pasta Blend Rice Sides ', ' 5.7 Oz')",True, 5.7 Oz,Knorr Cheddar Broccoli Long Grain Rice & Vermicelli Pasta Blend Rice Sides 
3417,Your Price $3.49 each,Ben's Original Ready Rice Easy Dinner Side Roasted Chicken Flavored Rice Pouch - 8.8 Oz,($0.40 / Ounce),grains-pasta-sides,"(""Ben's Original Ready Rice Easy Dinner Side Roasted Chicken Flavored Rice Pouch "", ' 8.8 Oz')",True, 8.8 Oz,Ben's Original Ready Rice Easy Dinner Side Roasted Chicken Flavored Rice Pouch 
3418,Your Price $3.49 each,Ben's Original Ready Rice Easy Dinner Side Garden Vegetable Flavored Rice Pouch - 8.8 Oz,($0.40 / Ounce),grains-pasta-sides,"(""Ben's Original Ready Rice Easy Dinner Side Garden Vegetable Flavored Rice Pouch "", ' 8.8 Oz')",True, 8.8 Oz,Ben's Original Ready Rice Easy Dinner Side Garden Vegetable Flavored Rice Pouch 
3419,Your Price $3.49 each,Ben's Original Ready Rice Easy Dinner Side Creamy Four Cheese Flavored Rice Pouch - 8.5 Oz,($0.41 / Ounce),grains-pasta-sides,"(""Ben's Original Ready Rice Easy Dinner Side Creamy Four Cheese Flavored Rice Pouch "", ' 8.5 Oz')",True, 8.5 Oz,Ben's Original Ready Rice Easy Dinner Side Creamy Four Cheese Flavored Rice Pouch 
3420,Your Price $8.29 each,Velveeta Shells & Cheese Original Shell Pasta & Cheese Sauce Value Size Box - 24 Oz,($0.35 / Ounce),grains-pasta-sides,"('Velveeta Shells & Cheese Original Shell Pasta & Cheese Sauce Value Size Box ', ' 24 Oz')",True, 24 Oz,Velveeta Shells & Cheese Original Shell Pasta & Cheese Sauce Value Size Box 
3421,Your Price $9.99 each,Velveeta Shells & Cheese Original Shell Pasta & Cheese Sauce Boxes - 3-12 Oz,($0.28 / Ounce),grains-pasta-sides,"('Velveeta Shells & Cheese Original Shell Pasta & Cheese Sauce Boxes  ', '3-12 Oz')",True,3-12 Oz,Velveeta Shells & Cheese Original Shell Pasta & Cheese Sauce Boxes  
3422,Your Price $9.99 each,Kraft Original Macaroni & Cheese Easy Microwavable Dinner Cups - 8-2.05 Oz,($0.61 / Ounce),grains-pasta-sides,"('Kraft Original Macaroni & Cheese Easy Microwavable Dinner Cups  ', '8-2.05 Oz')",True,8-2.05 Oz,Kraft Original Macaroni & Cheese Easy Microwavable Dinner Cups  
3423,Your Price $4.79 each,Cracker Barrel Sharp Cheddar Macaroni & Cheese Dinner Box - 14 Oz,($0.34 / Ounce),grains-pasta-sides,"('Cracker Barrel Sharp Cheddar Macaroni & Cheese Dinner Box ', ' 14 Oz')",True, 14 Oz,Cracker Barrel Sharp Cheddar Macaroni & Cheese Dinner Box 
3424,Your Price $6.29 each,Kraft Original Macaroni & Cheese Easy Microwavable Dinner Cups - 4-2.05 Oz,($0.77 / Ounce),grains-pasta-sides,"('Kraft Original Macaroni & Cheese Easy Microwavable Dinner Cups  ', '4-2.05 Oz')",True,4-2.05 Oz,Kraft Original Macaroni & Cheese Easy Microwavable Dinner Cups  
3425,Your Price $6.29 each,Velveeta Shells & Cheese Original Microwaveable Pasta & Cheese Sauce Cups - 4-2.39 Oz,($0.66 / Ounce),grains-pasta-sides,"('Velveeta Shells & Cheese Original Microwaveable Pasta & Cheese Sauce Cups  ', '4-2.39 Oz')",True,4-2.39 Oz,Velveeta Shells & Cheese Original Microwaveable Pasta & Cheese Sauce Cups  
3426,Your Price $9.99 each,Kraft Deluxe Original Macaroni & Cheese Dinner Boxes - 3-14 Oz,($0.24 / Ounce),grains-pasta-sides,"('Kraft Deluxe Original Macaroni & Cheese Dinner Boxes  ', '3-14 Oz')",True,3-14 Oz,Kraft Deluxe Original Macaroni & Cheese Dinner Boxes  
3427,Your Price $9.99 each,Velveeta Shells & Cheese Original Microwaveable Pasta & Cheese Sauce Cups - 8-2.39 Oz,($0.52 / Ounce),grains-pasta-sides,"('Velveeta Shells & Cheese Original Microwaveable Pasta & Cheese Sauce Cups  ', '8-2.39 Oz')",True,8-2.39 Oz,Velveeta Shells & Cheese Original Microwaveable Pasta & Cheese Sauce Cups  
3428,Your Price $2.99 each,Annies Homegrown Macaroni & Cheese Classic Mild Cheddar Box - 6 Oz,($0.50 / Ounce),grains-pasta-sides,"('Annies Homegrown Macaroni & Cheese Classic Mild Cheddar Box ', ' 6 Oz')",True, 6 Oz,Annies Homegrown Macaroni & Cheese Classic Mild Cheddar Box 
3429,Your Price $7.49 each,Annies Homegrown Macaroni & Cheese Shells & White Cheddar Box - 4-6 Oz,($0.31 / Ounce),grains-pasta-sides,"('Annies Homegrown Macaroni & Cheese Shells & White Cheddar Box  ', '4-6 Oz')",True,4-6 Oz,Annies Homegrown Macaroni & Cheese Shells & White Cheddar Box  
3430,Your Price $4.29 each,Velveeta Shells & Cheese Pasta with Cheese Sauce and 2% Milk Cheese Box - 12 Oz,($0.36 / Ounce),grains-pasta-sides,"('Velveeta Shells & Cheese Pasta with Cheese Sauce and 2% Milk Cheese Box ', ' 12 Oz')",True, 12 Oz,Velveeta Shells & Cheese Pasta with Cheese Sauce and 2% Milk Cheese Box 
3431,Your Price $6.29 each,Kraft Macaroni & Cheese Easy Microwavable Dinner with Frozen II Shapes Cups - 4-1.9 Oz,($0.83 / Ounce),grains-pasta-sides,"('Kraft Macaroni & Cheese Easy Microwavable Dinner with Frozen II Shapes Cups  ', '4-1.9 Oz')",True,4-1.9 Oz,Kraft Macaroni & Cheese Easy Microwavable Dinner with Frozen II Shapes Cups  
3432,Your Price $2.99 each,Annies Homegrown Macaroni & Cheese Shells & Real Aged Cheddar Box - 6 Oz,($0.50 / Ounce),grains-pasta-sides,"('Annies Homegrown Macaroni & Cheese Shells & Real Aged Cheddar Box ', ' 6 Oz')",True, 6 Oz,Annies Homegrown Macaroni & Cheese Shells & Real Aged Cheddar Box 
3433,Your Price $1.09 each,Signature SELECT Macaroni & Cheese Dinner Original Box - 7.25 Oz,($0.15 / Ounce),grains-pasta-sides,"('Signature SELECT Macaroni & Cheese Dinner Original Box ', ' 7.25 Oz')",True, 7.25 Oz,Signature SELECT Macaroni & Cheese Dinner Original Box 
3434,Your Price $0.99 each,Signature SELECT Macaroni & Cheese Dinner Microwavable - 2.05 Oz,($0.48 / Ounce),grains-pasta-sides,"('Signature SELECT Macaroni & Cheese Dinner Microwavable ', ' 2.05 Oz')",True, 2.05 Oz,Signature SELECT Macaroni & Cheese Dinner Microwavable 
3435,Your Price $6.29 each,Kraft Triple Cheese Macaroni & Cheese Easy Microwavable Dinner Cups - 4-2.05 Oz,($0.77 / Ounce),grains-pasta-sides,"('Kraft Triple Cheese Macaroni & Cheese Easy Microwavable Dinner Cups  ', '4-2.05 Oz')",True,4-2.05 Oz,Kraft Triple Cheese Macaroni & Cheese Easy Microwavable Dinner Cups  
3436,Your Price $3.49 each,Kraft Original Macaroni & Cheese Dinner Family Size Box - 14.5 Oz,($0.24 / Ounce),grains-pasta-sides,"('Kraft Original Macaroni & Cheese Dinner Family Size Box ', ' 14.5 Oz')",True, 14.5 Oz,Kraft Original Macaroni & Cheese Dinner Family Size Box 
3437,Your Price $1.09 each,Signature SELECT Macaroni & Cheese Dinner Cheddar Cheese Shells Box - 7.25 Oz,($0.15 / Ounce),grains-pasta-sides,"('Signature SELECT Macaroni & Cheese Dinner Cheddar Cheese Shells Box ', ' 7.25 Oz')",True, 7.25 Oz,Signature SELECT Macaroni & Cheese Dinner Cheddar Cheese Shells Box 
3438,Your Price $2.99 each,Annies Homegrown Macaroni & Cheese Shells & White Cheddar Box - 6 Oz,($0.50 / Ounce),grains-pasta-sides,"('Annies Homegrown Macaroni & Cheese Shells & White Cheddar Box ', ' 6 Oz')",True, 6 Oz,Annies Homegrown Macaroni & Cheese Shells & White Cheddar Box 
3439,Your Price $6.29 each,Kraft Deluxe Original Macaroni & Cheese Dinner Cups - 4-2.39 Oz,($0.66 / Ounce),grains-pasta-sides,"('Kraft Deluxe Original Macaroni & Cheese Dinner Cups  ', '4-2.39 Oz')",True,4-2.39 Oz,Kraft Deluxe Original Macaroni & Cheese Dinner Cups  
3440,Your Price $4.29 each,Velveeta Shells & Cheese Original Shell Pasta & Cheese Sauce Box - 12 Oz,($0.36 / Ounce),grains-pasta-sides,"('Velveeta Shells & Cheese Original Shell Pasta & Cheese Sauce Box ', ' 12 Oz')",True, 12 Oz,Velveeta Shells & Cheese Original Shell Pasta & Cheese Sauce Box 
3441,Your Price $6.29 each,Kraft Deluxe White Cheddar Macaroni & Cheese Dinner Cups - 4-2.39 Oz,($0.66 / Ounce),grains-pasta-sides,"('Kraft Deluxe White Cheddar Macaroni & Cheese Dinner Cups  ', '4-2.39 Oz')",True,4-2.39 Oz,Kraft Deluxe White Cheddar Macaroni & Cheese Dinner Cups  
3442,Your Price $3.49 each,Ben's Original Ready Rice Easy Dinner Side Jasmine Rice Pouch - 8.5 Oz,($0.41 / Ounce),grains-pasta-sides,"(""Ben's Original Ready Rice Easy Dinner Side Jasmine Rice Pouch "", ' 8.5 Oz')",True, 8.5 Oz,Ben's Original Ready Rice Easy Dinner Side Jasmine Rice Pouch 
3443,Your Price $3.49 each,Minute Ready to Serve! Rice Microwaveable Brown Rice Whole Grain Cup - 8.8 Oz,($0.40 / Ounce),grains-pasta-sides,"('Minute Ready to Serve! Rice Microwaveable Brown Rice Whole Grain Cup ', ' 8.8 Oz')",True, 8.8 Oz,Minute Ready to Serve! Rice Microwaveable Brown Rice Whole Grain Cup 
3444,Your Price $3.49 each,Ben's Original Ready Rice Easy Dinner Side Whole Grain Brown Rice Pouch - 8.8 Oz,($0.40 / Ounce),grains-pasta-sides,"(""Ben's Original Ready Rice Easy Dinner Side Whole Grain Brown Rice Pouch "", ' 8.8 Oz')",True, 8.8 Oz,Ben's Original Ready Rice Easy Dinner Side Whole Grain Brown Rice Pouch 
3445,Your Price $3.49 each,Ben's Original Boil In Bag Long Grain White Enriched Parboiled Rice Box - 15.8 Oz,($0.22 / Ounce),grains-pasta-sides,"(""Ben's Original Boil In Bag Long Grain White Enriched Parboiled Rice Box "", ' 15.8 Oz')",True, 15.8 Oz,Ben's Original Boil In Bag Long Grain White Enriched Parboiled Rice Box 
3446,Your Price $3.49 each,Ben's Original Ready Rice Easy Side Dish Basmati Rice Pouch - 8.5 Oz,($0.41 / Ounce),grains-pasta-sides,"(""Ben's Original Ready Rice Easy Side Dish Basmati Rice Pouch "", ' 8.5 Oz')",True, 8.5 Oz,Ben's Original Ready Rice Easy Side Dish Basmati Rice Pouch 
3447,Your Price $3.99 each,Signature SELECT Rice White Enriched Long Grain Instant - 28 Oz,($0.14 / Ounce),grains-pasta-sides,"('Signature SELECT Rice White Enriched Long Grain Instant ', ' 28 Oz')",True, 28 Oz,Signature SELECT Rice White Enriched Long Grain Instant 
3448,Your Price $3.49 each,Ben's Original Ready Rice Easy Dinner Side Original Long Grain White Rice Pouch - 8.8 Oz,($0.40 / Ounce),grains-pasta-sides,"(""Ben's Original Ready Rice Easy Dinner Side Original Long Grain White Rice Pouch "", ' 8.8 Oz')",True, 8.8 Oz,Ben's Original Ready Rice Easy Dinner Side Original Long Grain White Rice Pouch 
3449,Your Price $5.49 each,Ben's Original Long Grain White Enriched Parboiled Rice Box - 2 Lb,($43.92 / Pound),grains-pasta-sides,"(""Ben's Original Long Grain White Enriched Parboiled Rice Box "", ' 2 Lb')",True, 2 Lb,Ben's Original Long Grain White Enriched Parboiled Rice Box 
3450,Your Price $1.67 each,Betty Crocker Hamburger Helper Cheeseburger Macaroni - 6.6 Oz,($0.25 / Ounce),grains-pasta-sides,"('Betty Crocker Hamburger Helper Cheeseburger Macaroni ', ' 6.6 Oz')",True, 6.6 Oz,Betty Crocker Hamburger Helper Cheeseburger Macaroni 
3451,Your Price $3.29 each,Campbells Sauces Slow Cooker Tavern Style Pot Roast Pouch - 13 Oz,($0.25 / Ounce),grains-pasta-sides,"('Campbells Sauces Slow Cooker Tavern Style Pot Roast Pouch ', ' 13 Oz')",True, 13 Oz,Campbells Sauces Slow Cooker Tavern Style Pot Roast Pouch 
3452,Your Price $1.67 each,Betty Crocker Hamburger Helper Cheesy Italian Shells Box - 6.1 Oz,($0.27 / Ounce),grains-pasta-sides,"('Betty Crocker Hamburger Helper Cheesy Italian Shells Box ', ' 6.1 Oz')",True, 6.1 Oz,Betty Crocker Hamburger Helper Cheesy Italian Shells Box 
3453,Your Price $1.67 each,Betty Crocker Hamburger Helper Beef Stroganoff Deluxe Box - 5.5 Oz,($0.30 / Ounce),grains-pasta-sides,"('Betty Crocker Hamburger Helper Beef Stroganoff Deluxe Box ', ' 5.5 Oz')",True, 5.5 Oz,Betty Crocker Hamburger Helper Beef Stroganoff Deluxe Box 
3454,Your Price $3.29 each,Campbells Sauces Oven Creamy Garlic Butter Chicken Pouch - 12 Oz,($0.27 / Ounce),grains-pasta-sides,"('Campbells Sauces Oven Creamy Garlic Butter Chicken Pouch ', ' 12 Oz')",True, 12 Oz,Campbells Sauces Oven Creamy Garlic Butter Chicken Pouch 
3455,Your Price $1.67 each,Hamburger Helper Pasta & Cheesy Sauce Mix Double Cheeseburger Macaroni - 6 Oz,($0.28 / Ounce),grains-pasta-sides,"('Hamburger Helper Pasta & Cheesy Sauce Mix Double Cheeseburger Macaroni ', ' 6 Oz')",True, 6 Oz,Hamburger Helper Pasta & Cheesy Sauce Mix Double Cheeseburger Macaroni 
3456,Your Price $3.99 each,Velveeta Skillets Chicken Alfredo One Pan Dinner Kit Box - 12.5 Oz,($0.32 / Ounce),grains-pasta-sides,"('Velveeta Skillets Chicken Alfredo One Pan Dinner Kit Box ', ' 12.5 Oz')",True, 12.5 Oz,Velveeta Skillets Chicken Alfredo One Pan Dinner Kit Box 
3457,Your Price $4.29 each,Kraft Deluxe Creamy Alfredo Macaroni & Cheese Dinner Box - 11.9 Oz,($0.36 / Ounce),grains-pasta-sides,"('Kraft Deluxe Creamy Alfredo Macaroni & Cheese Dinner Box ', ' 11.9 Oz')",True, 11.9 Oz,Kraft Deluxe Creamy Alfredo Macaroni & Cheese Dinner Box 
3458,Your Price $2.79 each,Betty Crocker Suddnely Salad Creamy Italian Pastea Side Dish - 8.3 Oz,($0.34 / Ounce),grains-pasta-sides,"('Betty Crocker Suddnely Salad Creamy Italian Pastea Side Dish ', ' 8.3 Oz')",True, 8.3 Oz,Betty Crocker Suddnely Salad Creamy Italian Pastea Side Dish 
3459,Your Price $1.67 each,Betty Crocker Hamburger Helper Four Cheese Lasagna Box - 5.5 Oz,($0.30 / Ounce),grains-pasta-sides,"('Betty Crocker Hamburger Helper Four Cheese Lasagna Box ', ' 5.5 Oz')",True, 5.5 Oz,Betty Crocker Hamburger Helper Four Cheese Lasagna Box 
3460,Your Price $1.67 each,Betty Crocker Hamburger Helper Cheeseburger Macaroni Deluxe Box - 5.5 Oz,($0.30 / Ounce),grains-pasta-sides,"('Betty Crocker Hamburger Helper Cheeseburger Macaroni Deluxe Box ', ' 5.5 Oz')",True, 5.5 Oz,Betty Crocker Hamburger Helper Cheeseburger Macaroni Deluxe Box 
3461,Your Price $3.99 each,Velveeta Skillets Ultimate Cheeseburger Mac One Pan Dinner Kit Box - 12.8 Oz,($0.31 / Ounce),grains-pasta-sides,"('Velveeta Skillets Ultimate Cheeseburger Mac One Pan Dinner Kit Box ', ' 12.8 Oz')",True, 12.8 Oz,Velveeta Skillets Ultimate Cheeseburger Mac One Pan Dinner Kit Box 
3462,Your Price $4.29 each,Velveeta Shells & Cheese Mini Shell Pasta & Cheese Sauce Box - 10.1 Oz,($0.42 / Ounce),grains-pasta-sides,"('Velveeta Shells & Cheese Mini Shell Pasta & Cheese Sauce Box ', ' 10.1 Oz')",True, 10.1 Oz,Velveeta Shells & Cheese Mini Shell Pasta & Cheese Sauce Box 
3463,Your Price $1.67 each,Betty Crocker Hamburger Helper Bacon Cheeseburger Box - 5.1 Oz,($0.33 / Ounce),grains-pasta-sides,"('Betty Crocker Hamburger Helper Bacon Cheeseburger Box ', ' 5.1 Oz')",True, 5.1 Oz,Betty Crocker Hamburger Helper Bacon Cheeseburger Box 
3464,Your Price $2.79 each,Idahoan Buttery Homestyle Mashed Potatoes Family Size Pouch - 8 Oz,($0.35 / Ounce),grains-pasta-sides,"('Idahoan Buttery Homestyle Mashed Potatoes Family Size Pouch ', ' 8 Oz')",True, 8 Oz,Idahoan Buttery Homestyle Mashed Potatoes Family Size Pouch 
3465,Your Price $1.79 each,Idahoan Homestyle Casserole Cheesy Scalloped with Creamy Cheese Sauce - 4 Oz,($0.45 / Ounce),grains-pasta-sides,"('Idahoan Homestyle Casserole Cheesy Scalloped with Creamy Cheese Sauce ', ' 4 Oz')",True, 4 Oz,Idahoan Homestyle Casserole Cheesy Scalloped with Creamy Cheese Sauce 
3466,Your Price $1.49 each,Idahoan Buttery Homestyle Mashed Potatoes Individual Cup - 1.5 Oz,($0.99 / Ounce),grains-pasta-sides,"('Idahoan Buttery Homestyle Mashed Potatoes Individual Cup ', ' 1.5 Oz')",True, 1.5 Oz,Idahoan Buttery Homestyle Mashed Potatoes Individual Cup 
3467,Your Price $2.79 each,Idahoan Roasted Garlic Mashed Potatoes Family Size Pouch - 8 Oz,($0.35 / Ounce),grains-pasta-sides,"('Idahoan Roasted Garlic Mashed Potatoes Family Size Pouch ', ' 8 Oz')",True, 8 Oz,Idahoan Roasted Garlic Mashed Potatoes Family Size Pouch 
3468,Your Price $2.99 each,Idahoan Au Gratin Homestyle Casserole Family Size Box - 7.34 Oz,($0.41 / Ounce),grains-pasta-sides,"('Idahoan Au Gratin Homestyle Casserole Family Size Box ', ' 7.34 Oz')",True, 7.34 Oz,Idahoan Au Gratin Homestyle Casserole Family Size Box 
3469,Your Price $2.99 each,Idahoan Scalloped Homestyle Casserole Family Size Box - 7.34 Oz,($0.41 / Ounce),grains-pasta-sides,"('Idahoan Scalloped Homestyle Casserole Family Size Box ', ' 7.34 Oz')",True, 7.34 Oz,Idahoan Scalloped Homestyle Casserole Family Size Box 
3470,Your Price $1.99 each,Classico Signature Recipes Traditional Pizza Sauce Jar - 14 Oz,($0.14 / Ounce),grains-pasta-sides,"('Classico Signature Recipes Traditional Pizza Sauce Jar ', ' 14 Oz')",True, 14 Oz,Classico Signature Recipes Traditional Pizza Sauce Jar 
3471,Your Price $5.99 each,Open Nature Chicken Sausage And Pepper Cauliflower Crust Pizza - 11.5 Oz,($0.52 / Ounce),grains-pasta-sides,"('Open Nature Chicken Sausage And Pepper Cauliflower Crust Pizza ', ' 11.5 Oz')",True, 11.5 Oz,Open Nature Chicken Sausage And Pepper Cauliflower Crust Pizza 
3472,Your Price $5.79 each,Boboli Vegetable Herb Cauliflower 12in Thin Pizza Crust - 10 Oz,($0.58 / Ounce),grains-pasta-sides,"('Boboli Vegetable Herb Cauliflower 12in Thin Pizza Crust ', ' 10 Oz')",True, 10 Oz,Boboli Vegetable Herb Cauliflower 12in Thin Pizza Crust 
3473,Your Price $1.59 each,Pasta Roni Pasta Corkscrew Parmesan & Romano Cheese Cup - 2.32 Oz,($0.69 / Ounce),grains-pasta-sides,"('Pasta Roni Pasta Corkscrew Parmesan & Romano Cheese Cup ', ' 2.32 Oz')",True, 2.32 Oz,Pasta Roni Pasta Corkscrew Parmesan & Romano Cheese Cup 
3474,Your Price $6.99 each,Ancient Harvest Quiona Organic Traditional White Grains - 12 Oz,($0.58 / Ounce),grains-pasta-sides,"('Ancient Harvest Quiona Organic Traditional White Grains ', ' 12 Oz')",True, 12 Oz,Ancient Harvest Quiona Organic Traditional White Grains 
3475,Your Price $3.49 each,Minute Ready to Serve! Rice Microwaveable Brown Rice & Quinoa Cup - 8.8 Oz,($0.40 / Ounce),grains-pasta-sides,"('Minute Ready to Serve! Rice Microwaveable Brown Rice & Quinoa Cup ', ' 8.8 Oz')",True, 8.8 Oz,Minute Ready to Serve! Rice Microwaveable Brown Rice & Quinoa Cup 
3476,Your Price $4.99 each,Bobs Red Mill Grains Of Discovery Bulgur Red Whole Grain Non GMO - 24 Oz,($0.21 / Ounce),grains-pasta-sides,"('Bobs Red Mill Grains Of Discovery Bulgur Red Whole Grain Non GMO ', ' 24 Oz')",True, 24 Oz,Bobs Red Mill Grains Of Discovery Bulgur Red Whole Grain Non GMO 
3477,Your Price $11.99 each,Bob's Red Mill Organic Whole Grain Gluten Free Quinoa - 26 Oz,($0.46 / Ounce),grains-pasta-sides,"(""Bob's Red Mill Organic Whole Grain Gluten Free Quinoa "", ' 26 Oz')",True, 26 Oz,Bob's Red Mill Organic Whole Grain Gluten Free Quinoa 
3478,Your Price $3.29 each,truRoots Organic Quick Cook Vegetable Medley Quinoa and Brown Rice Blend - 8.5 Oz,($0.39 / Ounce),grains-pasta-sides,"('truRoots Organic Quick Cook Vegetable Medley Quinoa and Brown Rice Blend ', ' 8.5 Oz')",True, 8.5 Oz,truRoots Organic Quick Cook Vegetable Medley Quinoa and Brown Rice Blend 
3479,Your Price $2.99 each,Stove Top Low Sodium Stuffing Mix for Chicken with 25% Less Sodium Box - 6 Oz,($0.50 / Ounce),grains-pasta-sides,"('Stove Top Low Sodium Stuffing Mix for Chicken with 25% Less Sodium Box ', ' 6 Oz')",True, 6 Oz,Stove Top Low Sodium Stuffing Mix for Chicken with 25% Less Sodium Box 
3480,Your Price $137.66 each,USDA Choice Beef Ribeye Roast Bone In - Weight Between 8-11 Lb,($14.49 / Lb),meat-seafood,"('USDA Choice Beef Ribeye Roast Bone In  Weight Between 8', '11 Lb')",True,11 Lb,USDA Choice Beef Ribeye Roast Bone In  Weight Between 8
3481,Your Price $50.72 each,New York Bone In Steak USDA Choice Beef Top Loin Value Pack - 3.5 Lb,($14.49 / Lb),meat-seafood,"('New York Bone In Steak USDA Choice Beef Top Loin Value Pack ', ' 3.5 Lb')",True, 3.5 Lb,New York Bone In Steak USDA Choice Beef Top Loin Value Pack 
3482,Your Price $116.18 each,USDA Choice Beef Ribeye Roast Boneless - Weight Between 6-9 Lb,($15.49 / Lb),meat-seafood,"('USDA Choice Beef Ribeye Roast Boneless  Weight Between 6', '9 Lb')",True,9 Lb,USDA Choice Beef Ribeye Roast Boneless  Weight Between 6
3483,Your Price $54.22 each,New York Boneless Steak USDA Choice Beef Top Loin Value Pack - 3.5 Lb,($15.49 / Lb),meat-seafood,"('New York Boneless Steak USDA Choice Beef Top Loin Value Pack ', ' 3.5 Lb')",True, 3.5 Lb,New York Boneless Steak USDA Choice Beef Top Loin Value Pack 
3484,Your Price $11.97 each,Meat Counter Beef Ground Beef 85% Lean 15% Fat Market Trim Valu Pack - 3.00 LB,($3.99 / Lb),meat-seafood,"('Meat Counter Beef Ground Beef 85% Lean 15% Fat Market Trim Valu Pack ', ' 3.00 LB')",True, 3.00 LB,Meat Counter Beef Ground Beef 85% Lean 15% Fat Market Trim Valu Pack 
3485,Your Price $14.49  / eaeach,New York Bone In Steak USDA Choice Beef Top Loin Small Pack - 1.00 Lb,($14.49 / Lb),meat-seafood,"('New York Bone In Steak USDA Choice Beef Top Loin Small Pack ', ' 1.00 Lb')",True, 1.00 Lb,New York Bone In Steak USDA Choice Beef Top Loin Small Pack 
3486,Your Price $15.49  / eaeach,New York Boneless Steak USDA Choice Beef Top Loin Small Pack - 1.00 Lb,($15.49 / Lb),meat-seafood,"('New York Boneless Steak USDA Choice Beef Top Loin Small Pack ', ' 1.00 Lb')",True, 1.00 Lb,New York Boneless Steak USDA Choice Beef Top Loin Small Pack 
3487,Your Price $9.49 each,Open Nature 100% Natural Grass Fed Angus Ground Beef 85% Lean 15% Fat - 16 Oz,($0.59 / Ounce),meat-seafood,"('Open Nature 100% Natural Grass Fed Angus Ground Beef 85% Lean 15% Fat ', ' 16 Oz')",True, 16 Oz,Open Nature 100% Natural Grass Fed Angus Ground Beef 85% Lean 15% Fat 
3488,Your Price $27.97 each,USDA Choice Beef Top Sirloin Steak Boneless Value Pack - 3.50 Lb,($7.99 / Lb),meat-seafood,"('USDA Choice Beef Top Sirloin Steak Boneless Value Pack ', ' 3.50 Lb')",True, 3.50 Lb,USDA Choice Beef Top Sirloin Steak Boneless Value Pack 
3489,Your Price $22.47 each,Meat Service Counter USDA Choice Beef Chuck Pot Roast Boneless - 3 LB,($7.49 / Lb),meat-seafood,"('Meat Service Counter USDA Choice Beef Chuck Pot Roast Boneless ', ' 3 LB')",True, 3 LB,Meat Service Counter USDA Choice Beef Chuck Pot Roast Boneless 
3490,Your Price $27.98 each,waterfront BISTRO Shrimp Raw Extra Jumbo Shell & Tail On Frozen 16-20 Count - 2 Lb,($13.99 / Lb),meat-seafood,"('waterfront BISTRO Shrimp Raw Extra Jumbo Shell & Tail On Frozen 16 ', '20 Count2 Lb')",True,20 Count2 Lb,waterfront BISTRO Shrimp Raw Extra Jumbo Shell & Tail On Frozen 16 
3491,Your Price $12.99  / eaeach,Seafood Service Counter Fish Steelhead Fillet Farmed Fresh - 1.00 Lb,($12.99 / Lb),meat-seafood,"('Seafood Service Counter Fish Steelhead Fillet Farmed Fresh ', ' 1.00 Lb')",True, 1.00 Lb,Seafood Service Counter Fish Steelhead Fillet Farmed Fresh 
3492,Your Price $19.49 each,Open Nature Salmon Alaskan Sockeye Skin On Fillet Wild Caught - 1.50 Lb,($12.99 / Lb),meat-seafood,"('Open Nature Salmon Alaskan Sockeye Skin On Fillet Wild Caught ', ' 1.50 Lb')",True, 1.50 Lb,Open Nature Salmon Alaskan Sockeye Skin On Fillet Wild Caught 
3493,Your Price $26.98 each,waterfront BISTRO Shrimp Raw Large Ez Peel Shell & Tail On Frozen 26-30 Count - 2 Lb,($13.49 / Lb),meat-seafood,"('waterfront BISTRO Shrimp Raw Large Ez Peel Shell & Tail On Frozen 26 ', '30 Count2 Lb')",True,30 Count2 Lb,waterfront BISTRO Shrimp Raw Large Ez Peel Shell & Tail On Frozen 26 
3494,Your Price $15.98 each,waterfront BISTRO Shrimp Cooked Large Tail On Frozen 26-30 Count - 2 Lb,($7.99 / Lb),meat-seafood,"('waterfront BISTRO Shrimp Cooked Large Tail On Frozen 26 ', '30 Count2 Lb')",True,30 Count2 Lb,waterfront BISTRO Shrimp Cooked Large Tail On Frozen 26 
3495,Your Price $19.99 each,Open Nature Sea Scallops North Atlantic Wild Caught Colossal Under 15 Count - 16 Oz,($1.25 / Ounce),meat-seafood,"('Open Nature Sea Scallops North Atlantic Wild Caught Colossal Under 15 Count ', ' 16 Oz')",True, 16 Oz,Open Nature Sea Scallops North Atlantic Wild Caught Colossal Under 15 Count 
3496,Your Price $17.98 each,waterfront BISTRO Peeled & Deveined Tail On Large Raw Shrimp 31 To 40 Count - 32 Oz,($8.99 / Lb),meat-seafood,"('waterfront BISTRO Peeled & Deveined Tail On Large Raw Shrimp 31 To 40 Count ', ' 32 Oz')",True, 32 Oz,waterfront BISTRO Peeled & Deveined Tail On Large Raw Shrimp 31 To 40 Count 
3497,Your Price $7.99 each,waterfront BISTRO Salmon Fillets Wild Alaskan Pink Boneless & Skin On - 16 Oz,($0.50 / Ounce),meat-seafood,"('waterfront BISTRO Salmon Fillets Wild Alaskan Pink Boneless & Skin On ', ' 16 Oz')",True, 16 Oz,waterfront BISTRO Salmon Fillets Wild Alaskan Pink Boneless & Skin On 
3498,Your Price $17.99 each,waterfront BISTRO Crab Meat Lump Wild Caught Ready To Eat - 8 Oz,($2.25 / Ounce),meat-seafood,"('waterfront BISTRO Crab Meat Lump Wild Caught Ready To Eat ', ' 8 Oz')",True, 8 Oz,waterfront BISTRO Crab Meat Lump Wild Caught Ready To Eat 
3499,Your Price $10.99 each,waterfront BISTRO Crab Meat Claw Wild Caught Ready To Eat - 8 Oz,($1.37 / Ounce),meat-seafood,"('waterfront BISTRO Crab Meat Claw Wild Caught Ready To Eat ', ' 8 Oz')",True, 8 Oz,waterfront BISTRO Crab Meat Claw Wild Caught Ready To Eat 
3500,Your Price $9.99 each,Open Nature Shrimp Meat Fully Cooked Wild Caught Peeled Tail Off - 16 Oz,($9.99 / Lb),meat-seafood,"('Open Nature Shrimp Meat Fully Cooked Wild Caught Peeled Tail Off ', ' 16 Oz')",True, 16 Oz,Open Nature Shrimp Meat Fully Cooked Wild Caught Peeled Tail Off 
3501,Your Price $8.99 each,waterfront BISTRO Cod Fillets Wild Alaskan Boneless & Skinless - 16 Oz,($0.56 / Ounce),meat-seafood,"('waterfront BISTRO Cod Fillets Wild Alaskan Boneless & Skinless ', ' 16 Oz')",True, 16 Oz,waterfront BISTRO Cod Fillets Wild Alaskan Boneless & Skinless 
3502,Your Price $7.99  / eaeach,Seafood Service Counter Shrimp Cooked Tail On 26-30 Ct - 1.00 Lb,($7.99 / Lb),meat-seafood,"('Seafood Service Counter Shrimp Cooked Tail On 26 ', '30 Ct1.00 Lb')",True,30 Ct1.00 Lb,Seafood Service Counter Shrimp Cooked Tail On 26 
3503,$5.00 ,ReadyMeal Snow Crab Legs Grab N Go Cooked With Cocktail Sauce 4 Ounces,($5.00 / Each),meat-seafood,ReadyMeal Snow Crab Legs Grab N Go Cooked With Cocktail Sauce 4 Ounces,False, Each,R
3504,Your Price $6.99 each,Atlantic Salmon Portion 6 Oz Color Added Fresh Service Case - Each,($6.99 / Each),meat-seafood,"('Atlantic Salmon Portion 6 Oz Color Added Fresh Service Case ', ' Each')",True, Each,Atlantic Salmon Portion 6 Oz Color Added Fresh Service Case 
3505,Your Price $9.49 each,waterfront BISTRO Tilapia Fillets Bonesless & Skinless - 16 Oz,($0.59 / Ounce),meat-seafood,"('waterfront BISTRO Tilapia Fillets Bonesless & Skinless ', ' 16 Oz')",True, 16 Oz,waterfront BISTRO Tilapia Fillets Bonesless & Skinless 
3506,Your Price $12.99 each,Sea Cuisine Chefs Collection Fish Fillet Frozen Honey Chipotle Salmon - 10.5 Oz,($1.24 / Ounce),meat-seafood,"('Sea Cuisine Chefs Collection Fish Fillet Frozen Honey Chipotle Salmon ', ' 10.5 Oz')",True, 10.5 Oz,Sea Cuisine Chefs Collection Fish Fillet Frozen Honey Chipotle Salmon 
3507,Your Price $14.99 each,Signature Farms Frozen Boneless Skinless Chicken Breasts - 40 Oz.,($0.37 / Ounce),meat-seafood,"('Signature Farms Frozen Boneless Skinless Chicken Breasts ', ' 40 Oz.')",True, 40 Oz.,Signature Farms Frozen Boneless Skinless Chicken Breasts 
3508,Your Price $7.99 each,Tyson Grilled & Ready Frozen Grilled Chicken Breast Strips - 22 Oz,($0.36 / Ounce),meat-seafood,"('Tyson Grilled & Ready Frozen Grilled Chicken Breast Strips ', ' 22 Oz')",True, 22 Oz,Tyson Grilled & Ready Frozen Grilled Chicken Breast Strips 
3509,Your Price $9.99 each,Gortons Fish Fillets 100% Real Wild Caught Beer Battered 10 Count - 18.2 Oz,($0.55 / Ounce),meat-seafood,"('Gortons Fish Fillets 100% Real Wild Caught Beer Battered 10 Count ', ' 18.2 Oz')",True, 18.2 Oz,Gortons Fish Fillets 100% Real Wild Caught Beer Battered 10 Count 
3510,Your Price $10.99 each,Pilgrims Crispy Chicken Breast Strips Frozen Fully Cooked - 24 OZ,($0.46 / Ounce),meat-seafood,"('Pilgrims Crispy Chicken Breast Strips Frozen Fully Cooked ', ' 24 OZ')",True, 24 OZ,Pilgrims Crispy Chicken Breast Strips Frozen Fully Cooked 
3511,Your Price $7.99 each,Tyson Grilled & Ready Diced Oven Roasted Chicken Breast - 22 Oz,($0.36 / Ounce),meat-seafood,"('Tyson Grilled & Ready Diced Oven Roasted Chicken Breast ', ' 22 Oz')",True, 22 Oz,Tyson Grilled & Ready Diced Oven Roasted Chicken Breast 
3512,Your Price $9.99 each,SeaPak Shrimp & Seafood Co. Shrimp Popcorn Oven Crispy - 18 Oz,($0.56 / Ounce),meat-seafood,"('SeaPak Shrimp & Seafood Co. Shrimp Popcorn Oven Crispy ', ' 18 Oz')",True, 18 Oz,SeaPak Shrimp & Seafood Co. Shrimp Popcorn Oven Crispy 
3513,Your Price $7.99 each,Tyson Anytizers Honey BBQ Boneless Frozen Chicken Bites - 24 Oz,($0.33 / Ounce),meat-seafood,"('Tyson Anytizers Honey BBQ Boneless Frozen Chicken Bites ', ' 24 Oz')",True, 24 Oz,Tyson Anytizers Honey BBQ Boneless Frozen Chicken Bites 
3514,Your Price $9.99 each,Gortons Fish Fillets 100% Real Wild Caught Crunchy Breaded 10 Count - 19 Oz,($0.53 / Ounce),meat-seafood,"('Gortons Fish Fillets 100% Real Wild Caught Crunchy Breaded 10 Count ', ' 19 Oz')",True, 19 Oz,Gortons Fish Fillets 100% Real Wild Caught Crunchy Breaded 10 Count 
3515,Your Price $9.99 each,Gortons Fish Fillets 100% Real Wild Caught Crispy Battered 10 Count - 7.9 Oz,($0.53 / Ounce),meat-seafood,"('Gortons Fish Fillets 100% Real Wild Caught Crispy Battered 10 Count ', ' 7.9 Oz')",True, 7.9 Oz,Gortons Fish Fillets 100% Real Wild Caught Crispy Battered 10 Count 
3516,Your Price $16.99 each,Signature SELECT Bacon Hickory Smoked Thick Cut Value Pack - 48 Oz,($0.35 / Ounce),meat-seafood,"('Signature SELECT Bacon Hickory Smoked Thick Cut Value Pack ', ' 48 Oz')",True, 48 Oz,Signature SELECT Bacon Hickory Smoked Thick Cut Value Pack 
3517,Your Price $8.99 each,Oscar Mayer Original Center Cut Bacon for a Low Carb Lifestyle Pack - 12 Oz,($0.75 / Ounce),meat-seafood,"('Oscar Mayer Original Center Cut Bacon for a Low Carb Lifestyle Pack ', ' 12 Oz')",True, 12 Oz,Oscar Mayer Original Center Cut Bacon for a Low Carb Lifestyle Pack 
3518,Your Price $11.99 each,Oscar Mayer Naturally Hardwood Smoked Bacon Mega Pack - 22 Oz,($0.55 / Ounce),meat-seafood,"('Oscar Mayer Naturally Hardwood Smoked Bacon Mega Pack ', ' 22 Oz')",True, 22 Oz,Oscar Mayer Naturally Hardwood Smoked Bacon Mega Pack 
3519,Your Price $4.00 each,Oscar Mayer Bun Length Angus Uncured Beef Franks Hot Dogs Pack - 8 Count,($0.27 / Ounce),meat-seafood,"('Oscar Mayer Bun Length Angus Uncured Beef Franks Hot Dogs Pack ', ' 8 Count')",True, 8 Count,Oscar Mayer Bun Length Angus Uncured Beef Franks Hot Dogs Pack 
3520,Your Price $5.99 each,Smithfield Hometown Original Naturally Hickory Smoked Bacon - 16 Oz,($0.37 / Ounce),meat-seafood,"('Smithfield Hometown Original Naturally Hickory Smoked Bacon ', ' 16 Oz')",True, 16 Oz,Smithfield Hometown Original Naturally Hickory Smoked Bacon 
3521,Your Price $7.59 each,Johnsonville Sausage Italian Sweet Basil And Spice Blend 5 Links - 19 Oz,($0.40 / Ounce),meat-seafood,"('Johnsonville Sausage Italian Sweet Basil And Spice Blend 5 Links ', ' 19 Oz')",True, 19 Oz,Johnsonville Sausage Italian Sweet Basil And Spice Blend 5 Links 
3522,Your Price $8.99 each,Oscar Mayer Naturally Hardwood Smoked Thick Cut Bacon Slices - 16 Oz,($0.56 / Ounce),meat-seafood,"('Oscar Mayer Naturally Hardwood Smoked Thick Cut Bacon Slices ', ' 16 Oz')",True, 16 Oz,Oscar Mayer Naturally Hardwood Smoked Thick Cut Bacon Slices 
3523,Your Price $5.99 each,Jimmy Dean Fully Cooked Original Pork Sausage Links 12 Count - 9.6 Oz,($0.62 / Ounce),meat-seafood,"('Jimmy Dean Fully Cooked Original Pork Sausage Links 12 Count ', ' 9.6 Oz')",True, 9.6 Oz,Jimmy Dean Fully Cooked Original Pork Sausage Links 12 Count 
3524,Your Price $6.99 each,Aidells Cajun Style Andouille Smoked Pork Sausage Links 4 Count - 12 Oz,($0.58 / Ounce),meat-seafood,"('Aidells Cajun Style Andouille Smoked Pork Sausage Links 4 Count ', ' 12 Oz')",True, 12 Oz,Aidells Cajun Style Andouille Smoked Pork Sausage Links 4 Count 
3525,Your Price $8.49 each,Johnsonville Sausage Smoked Beddar With Cheddar 12 Links - 28 Oz,($0.30 / Ounce),meat-seafood,"('Johnsonville Sausage Smoked Beddar With Cheddar 12 Links ', ' 28 Oz')",True, 28 Oz,Johnsonville Sausage Smoked Beddar With Cheddar 12 Links 
3526,Your Price $8.49 each,Hillshire Farm Ultra Thin Sliced Lunchmeat Oven Roasted Turkey Breast Family Size - 16 Oz,($0.53 / Ounce),meat-seafood,"('Hillshire Farm Ultra Thin Sliced Lunchmeat Oven Roasted Turkey Breast Family Size ', ' 16 Oz')",True, 16 Oz,Hillshire Farm Ultra Thin Sliced Lunchmeat Oven Roasted Turkey Breast Family Size 
3527,Your Price $9.99 each,Hormel Natural Choice Oven Roasted Turkey Family Pack - 14 Oz,($0.71 / Ounce),meat-seafood,"('Hormel Natural Choice Oven Roasted Turkey Family Pack ', ' 14 Oz')",True, 14 Oz,Hormel Natural Choice Oven Roasted Turkey Family Pack 
3528,Your Price $8.49 each,Hillshire Farm Ultra Thin Sliced Lunchmeat Honey Ham Family Size - 16 Oz,($0.53 / Ounce),meat-seafood,"('Hillshire Farm Ultra Thin Sliced Lunchmeat Honey Ham Family Size ', ' 16 Oz')",True, 16 Oz,Hillshire Farm Ultra Thin Sliced Lunchmeat Honey Ham Family Size 
3529,Your Price $7.49 each,Oscar Mayer Deli Fresh Oven Roasted Turkey Breast Sliced Lunch Meat Family Size Tray - 16 Oz,($0.47 / Ounce),meat-seafood,"('Oscar Mayer Deli Fresh Oven Roasted Turkey Breast Sliced Lunch Meat Family Size Tray ', ' 16 Oz')",True, 16 Oz,Oscar Mayer Deli Fresh Oven Roasted Turkey Breast Sliced Lunch Meat Family Size Tray 
3530,Your Price $4.99 each,Land O Frost Premium Ham Black Forest Old World Style - 16 Oz,($0.31 / Ounce),meat-seafood,"('Land O Frost Premium Ham Black Forest Old World Style ', ' 16 Oz')",True, 16 Oz,Land O Frost Premium Ham Black Forest Old World Style 
3531,Your Price $8.99 each,Hillshire Farm Ultra Thin Sliced Lunchmeat Black Forest Ham - 16 Oz,($0.56 / Ounce),meat-seafood,"('Hillshire Farm Ultra Thin Sliced Lunchmeat Black Forest Ham ', ' 16 Oz')",True, 16 Oz,Hillshire Farm Ultra Thin Sliced Lunchmeat Black Forest Ham 
3532,Your Price $2.50 each,Signature SELECT Smoked Turkey And Cheddar Lunch Kit - 2.8 Oz,($0.89 / Ounce),meat-seafood,"('Signature SELECT Smoked Turkey And Cheddar Lunch Kit ', ' 2.8 Oz')",True, 2.8 Oz,Signature SELECT Smoked Turkey And Cheddar Lunch Kit 
3533,Your Price $2.50 each,Signature SELECT Uncured Pepperoni And Cheese Pizza Kit - 4.2 Oz,($0.60 / Ounce),meat-seafood,"('Signature SELECT Uncured Pepperoni And Cheese Pizza Kit ', ' 4.2 Oz')",True, 4.2 Oz,Signature SELECT Uncured Pepperoni And Cheese Pizza Kit 
3534,Your Price $2.50 each,Signature SELECT Uncured Pepperoni And Provolone Lunch Kit - 2.8 Oz,($0.89 / Ounce),meat-seafood,"('Signature SELECT Uncured Pepperoni And Provolone Lunch Kit ', ' 2.8 Oz')",True, 2.8 Oz,Signature SELECT Uncured Pepperoni And Provolone Lunch Kit 
3535,Your Price $11.49 each,Oscar Mayer Deli Fresh Oven Roasted Turkey Breast Sliced Deli Lunch Meat Mega Pack Tray - 22 Oz,($0.52 / Ounce),meat-seafood,"('Oscar Mayer Deli Fresh Oven Roasted Turkey Breast Sliced Deli Lunch Meat Mega Pack Tray ', ' 22 Oz')",True, 22 Oz,Oscar Mayer Deli Fresh Oven Roasted Turkey Breast Sliced Deli Lunch Meat Mega Pack Tray 
3536,Your Price $4.99 each,Land O Frost Premium Turkey Breast & White Turkey Lean Oven Roasted - 16 Oz,($0.31 / Ounce),meat-seafood,"('Land O Frost Premium Turkey Breast & White Turkey Lean Oven Roasted ', ' 16 Oz')",True, 16 Oz,Land O Frost Premium Turkey Breast & White Turkey Lean Oven Roasted 
3537,Your Price $8.99 each,Hillshire Farm Ultra Thin Sliced Lunchmeat Oven Roasted Turkey Breast & Honey Ham - 16 Oz,($0.56 / Ounce),meat-seafood,"('Hillshire Farm Ultra Thin Sliced Lunchmeat Oven Roasted Turkey Breast & Honey Ham ', ' 16 Oz')",True, 16 Oz,Hillshire Farm Ultra Thin Sliced Lunchmeat Oven Roasted Turkey Breast & Honey Ham 
3538,Your Price $6.79 each,Oscar Mayer Deli Fresh Oven Roasted Turkey Breast for a Low Carb Lifestyle Tray - 9 Oz,($0.75 / Ounce),meat-seafood,"('Oscar Mayer Deli Fresh Oven Roasted Turkey Breast for a Low Carb Lifestyle Tray ', ' 9 Oz')",True, 9 Oz,Oscar Mayer Deli Fresh Oven Roasted Turkey Breast for a Low Carb Lifestyle Tray 
3539,Your Price $7.49 each,Oscar Mayer Deli Fresh Rotisserie Seasoned Chicken Breast Lunch Meat Family Size Tray - 16 Oz,($0.47 / Ounce),meat-seafood,"('Oscar Mayer Deli Fresh Rotisserie Seasoned Chicken Breast Lunch Meat Family Size Tray ', ' 16 Oz')",True, 16 Oz,Oscar Mayer Deli Fresh Rotisserie Seasoned Chicken Breast Lunch Meat Family Size Tray 
3540,Your Price $11.49 each,Oscar Mayer Deli Fresh Rotisserie Seasoned Chicken Breast Deli Lunch Meat Mega Pack Tray - 22 Oz,($0.52 / Ounce),meat-seafood,"('Oscar Mayer Deli Fresh Rotisserie Seasoned Chicken Breast Deli Lunch Meat Mega Pack Tray ', ' 22 Oz')",True, 22 Oz,Oscar Mayer Deli Fresh Rotisserie Seasoned Chicken Breast Deli Lunch Meat Mega Pack Tray 
3541,Your Price $6.79 each,Oscar Mayer Deli Fresh Rotisserie Seasoned Chicken Breast - for a Low Carb Lifestyle Tray - 9 Oz,($0.75 / Ounce),meat-seafood,"('Oscar Mayer Deli Fresh Rotisserie Seasoned Chicken Breast  for a Low Carb Lifestyle Tray', '9 Oz')",True,9 Oz,Oscar Mayer Deli Fresh Rotisserie Seasoned Chicken Breast  for a Low Carb Lifestyle Tray
3542,Your Price $3.49  / eaeach,Chicken Breast Boneless Skinless Service Case 1 Count Service Case - 1 Lb,($3.49 / Lb),meat-seafood,"('Chicken Breast Boneless Skinless Service Case 1 Count Service Case ', ' 1 Lb')",True, 1 Lb,Chicken Breast Boneless Skinless Service Case 1 Count Service Case 
3543,Your Price $11.54 each,PERDUE Fresh Boneless Skinless Chicken Breast Tenderloins - 1.50 Lb,($7.69 / Lb),meat-seafood,"('PERDUE Fresh Boneless Skinless Chicken Breast Tenderloins ', ' 1.50 Lb')",True, 1.50 Lb,PERDUE Fresh Boneless Skinless Chicken Breast Tenderloins 
3544,Your Price $7.69  / eaeach,PERDUE Fresh Thin Sliced Boneless Skinless Chicken Breast - 1.00 LB,($7.69 / Lb),meat-seafood,"('PERDUE Fresh Thin Sliced Boneless Skinless Chicken Breast ', ' 1.00 LB')",True, 1.00 LB,PERDUE Fresh Thin Sliced Boneless Skinless Chicken Breast 
3545,Your Price $10.99 each,Signature Farms Chicken Thighs Boneless Skinless Frozen - 40 Oz,($0.27 / Ounce),meat-seafood,"('Signature Farms Chicken Thighs Boneless Skinless Frozen ', ' 40 Oz')",True, 40 Oz,Signature Farms Chicken Thighs Boneless Skinless Frozen 
3546,Your Price $3.99  / eaeach,Meat Service Counter Chicken Thighs Boneless Skinless - 1.00 LB,($3.99 / Lb),meat-seafood,"('Meat Service Counter Chicken Thighs Boneless Skinless ', ' 1.00 LB')",True, 1.00 LB,Meat Service Counter Chicken Thighs Boneless Skinless 
3547,Your Price $9.99 each,Smithfield Pork Tenderloin Roasted Garlic & Cracked Black Pepper - 18.4 Oz,($8.69 / Pound),meat-seafood,"('Smithfield Pork Tenderloin Roasted Garlic & Cracked Black Pepper ', ' 18.4 Oz')",True, 18.4 Oz,Smithfield Pork Tenderloin Roasted Garlic & Cracked Black Pepper 
3548,Your Price $17.47 each,Meat Service Counter St Louis Style Pork Spareribs Previously Frozen - 3.50 LB,($4.99 / Lb),meat-seafood,"('Meat Service Counter St Louis Style Pork Spareribs Previously Frozen ', ' 3.50 LB')",True, 3.50 LB,Meat Service Counter St Louis Style Pork Spareribs Previously Frozen 
3549,Your Price $9.99 each,Open Nature Lamb Ground Lamb 85% Lean 15% Fat Grass Fed - 16 Oz,($0.62 / Ounce),meat-seafood,"('Open Nature Lamb Ground Lamb 85% Lean 15% Fat Grass Fed ', ' 16 Oz')",True, 16 Oz,Open Nature Lamb Ground Lamb 85% Lean 15% Fat Grass Fed 
3550,Your Price $2.75  /  eaeach,Meat Service Counter Open Nature Lamb Loin Chops 1 Count - 0.25 LB,($10.99 / Lb),meat-seafood,"('Meat Service Counter Open Nature Lamb Loin Chops 1 Count ', ' 0.25 LB')",True, 0.25 LB,Meat Service Counter Open Nature Lamb Loin Chops 1 Count 
3551,Your Price $6.99  / eaeach,Open Nature Lamb Shoulder Neck Slices Case Ready Imported - 1 LB,($6.99 / Lb),meat-seafood,"('Open Nature Lamb Shoulder Neck Slices Case Ready Imported ', ' 1 LB')",True, 1 LB,Open Nature Lamb Shoulder Neck Slices Case Ready Imported 
3552,Your Price $26.99 each,Meat Service Counter Open Nature Lamb Rib Roast French Imported - 1.50 Lbs.,($17.99 / Lb),meat-seafood,"('Meat Service Counter Open Nature Lamb Rib Roast French Imported ', ' 1.50 Lbs.')",True, 1.50 Lbs.,Meat Service Counter Open Nature Lamb Rib Roast French Imported 
3553,Your Price $39.99 each,Jack Daniel's Old No. 7 Tennessee Whiskey 80 Proof Bottle - 1.75 Liter,($0.69 / Fl.oz),wine-beer-spirits,"(""Jack Daniel's Old No. 7 Tennessee Whiskey 80 Proof Bottle "", ' 1.75 Liter')",True, 1.75 Liter,Jack Daniel's Old No. 7 Tennessee Whiskey 80 Proof Bottle 
3554,Your Price $24.99 each,Makers Mark Whisky Bourbon Kentucky Straight 90 Proof - 750 Ml,($0.99 / Fl.oz),wine-beer-spirits,"('Makers Mark Whisky Bourbon Kentucky Straight 90 Proof ', ' 750 Ml')",True, 750 Ml,Makers Mark Whisky Bourbon Kentucky Straight 90 Proof 
3555,Your Price $76.99 each,The Balvenie Double Wood Malt Scotch Whisky 12 Year-Old 86 Proof - 750 Ml,($3.04 / Fl.oz),wine-beer-spirits,"('The Balvenie Double Wood Malt Scotch Whisky 12 Year Old 86 Proof', '750 Ml')",True,750 Ml,The Balvenie Double Wood Malt Scotch Whisky 12 Year Old 86 Proof
3556,Your Price $30.99 each,Jose Cuervo Tequila Especial Blue Agave Silver 80 Proof - 1.75 Liter,($0.53 / Fl.oz),wine-beer-spirits,"('Jose Cuervo Tequila Especial Blue Agave Silver 80 Proof ', ' 1.75 Liter')",True, 1.75 Liter,Jose Cuervo Tequila Especial Blue Agave Silver 80 Proof 
3557,Your Price $13.99 each,E&J Brandy VS Very Special Brandy Original Extra Smooth 80 Proof - 750 Ml,($0.55 / Fl.oz),wine-beer-spirits,"('E&J Brandy VS Very Special Brandy Original Extra Smooth 80 Proof ', ' 750 Ml')",True, 750 Ml,E&J Brandy VS Very Special Brandy Original Extra Smooth 80 Proof 
3558,Your Price $22.99 each,Jack Daniel's Old No. 7 Tennessee Whiskey 80 Proof Bottle - 750 Ml,($0.91 / Fl.oz),wine-beer-spirits,"(""Jack Daniel's Old No. 7 Tennessee Whiskey 80 Proof Bottle "", ' 750 Ml')",True, 750 Ml,Jack Daniel's Old No. 7 Tennessee Whiskey 80 Proof Bottle 
3559,Your Price $46.99 each,Grand Marnier Cordon Rouge Liqueur Orange & Cognac 80 Proof - 750 Ml,($1.85 / Fl.oz),wine-beer-spirits,"('Grand Marnier Cordon Rouge Liqueur Orange & Cognac 80 Proof ', ' 750 Ml')",True, 750 Ml,Grand Marnier Cordon Rouge Liqueur Orange & Cognac 80 Proof 
3560,Your Price $10.99 each,Cutwater Spirits Lime Margarita Cocktails Pack - 4-12 Fl. Oz.,($0.23 / Fl.oz),wine-beer-spirits,"('Cutwater Spirits Lime Margarita Cocktails Pack  ', '4-12 Fl. Oz.')",True,4-12 Fl. Oz.,Cutwater Spirits Lime Margarita Cocktails Pack  
3561,Your Price $14.99 each,Korbel Brut California Champagne Sparkling Wine 24 Proof Bottle - 750 Ml,($0.59 / Fl.oz),wine-beer-spirits,"('Korbel Brut California Champagne Sparkling Wine 24 Proof Bottle ', ' 750 Ml')",True, 750 Ml,Korbel Brut California Champagne Sparkling Wine 24 Proof Bottle 
3562,Your Price $12.99 each,Kendall-Jackson Vintners Reserve Chardonnay White Wine - 750 Ml,($0.51 / Fl.oz),wine-beer-spirits,"('Kendall Jackson Vintners Reserve Chardonnay White Wine', '750 Ml')",True,750 Ml,Kendall Jackson Vintners Reserve Chardonnay White Wine
3563,Your Price $14.99 each,Wente Wine Cabernet Sauvignon Southern Hills Livermore Valley - 750 Ml,($0.59 / Fl.oz),wine-beer-spirits,"('Wente Wine Cabernet Sauvignon Southern Hills Livermore Valley ', ' 750 Ml')",True, 750 Ml,Wente Wine Cabernet Sauvignon Southern Hills Livermore Valley 
3564,Your Price $7.99 each,Robert Mondavi Private Selection Cabernet Sauvignon Red Wine - 750 Ml,($0.32 / Fl.oz),wine-beer-spirits,"('Robert Mondavi Private Selection Cabernet Sauvignon Red Wine ', ' 750 Ml')",True, 750 Ml,Robert Mondavi Private Selection Cabernet Sauvignon Red Wine 
3565,Your Price $8.99 each,Chateau Ste. Michelle Harvest Select Riesling White Wine - 750 Ml,($0.35 / Fl.oz),wine-beer-spirits,"('Chateau Ste. Michelle Harvest Select Riesling White Wine ', ' 750 Ml')",True, 750 Ml,Chateau Ste. Michelle Harvest Select Riesling White Wine 
3566,Your Price $18.99 each,Josh Cellars Reserve Paso Robles Cabernet Sauvignon Wine - 750 Ml,($0.75 / Fl.oz),wine-beer-spirits,"('Josh Cellars Reserve Paso Robles Cabernet Sauvignon Wine ', ' 750 Ml')",True, 750 Ml,Josh Cellars Reserve Paso Robles Cabernet Sauvignon Wine 
3567,Your Price $22.99 each,Chandon Library Dosage California Brut Rose in Bottle - 750 Ml,($0.91 / Fl.oz),wine-beer-spirits,"('Chandon Library Dosage California Brut Rose in Bottle ', ' 750 Ml')",True, 750 Ml,Chandon Library Dosage California Brut Rose in Bottle 
3568,Your Price $9.99 each,Chateau Ste. Michelle Columbia Valley Chardonnay White Wine - 750 Ml,($0.39 / Fl.oz),wine-beer-spirits,"('Chateau Ste. Michelle Columbia Valley Chardonnay White Wine ', ' 750 Ml')",True, 750 Ml,Chateau Ste. Michelle Columbia Valley Chardonnay White Wine 
3569,Your Price $18.99 each,Simply Spiked Hard Lemonade Variety Pack 5% ABV In Cans - 12-12 Fl. Oz.,($0.13 / Fl.oz),wine-beer-spirits,"('Simply Spiked Hard Lemonade Variety Pack 5% ABV In Cans  ', '12-12 Fl. Oz.')",True,12-12 Fl. Oz.,Simply Spiked Hard Lemonade Variety Pack 5% ABV In Cans  
3570,Your Price $18.99 each,White Claw Hard Seltzer Surge Variety Pack In Cnas - 12-12 FZ,($0.13 / Fl.oz),wine-beer-spirits,"('White Claw Hard Seltzer Surge Variety Pack In Cnas  ', '12-12 FZ')",True,12-12 FZ,White Claw Hard Seltzer Surge Variety Pack In Cnas  
3571,Your Price $17.99 each,Miller High Life Beer American Style Lager 4.6% ABV Cans - 30-12 Fl. Oz.,($0.05 / Fl.oz),wine-beer-spirits,"('Miller High Life Beer American Style Lager 4.6% ABV Cans  ', '30-12 Fl. Oz.')",True,30-12 Fl. Oz.,Miller High Life Beer American Style Lager 4.6% ABV Cans  
3572,Your Price $16.99 each,Hop Valley Stash Pack Variety Craft Beer 8.7% ABV Cans - 12-12 Fl. Oz.,($0.12 / Fl.oz),wine-beer-spirits,"('Hop Valley Stash Pack Variety Craft Beer 8.7% ABV Cans  ', '12-12 Fl. Oz.')",True,12-12 Fl. Oz.,Hop Valley Stash Pack Variety Craft Beer 8.7% ABV Cans  
3573,Your Price $7.99 each,Miller High Life Beer American Style Lager 4.6% ABV Cans - 12-12 Fl. Oz.,($0.06 / Fl.oz),wine-beer-spirits,"('Miller High Life Beer American Style Lager 4.6% ABV Cans  ', '12-12 Fl. Oz.')",True,12-12 Fl. Oz.,Miller High Life Beer American Style Lager 4.6% ABV Cans  
3574,Your Price $14.99 each,Blue Moon Craft Beer Wheat Belgian White 5.4% ABV In Bottles - 12-12 Fl. Oz.,($0.10 / Fl.oz),wine-beer-spirits,"('Blue Moon Craft Beer Wheat Belgian White 5.4% ABV In Bottles  ', '12-12 Fl. Oz.')",True,12-12 Fl. Oz.,Blue Moon Craft Beer Wheat Belgian White 5.4% ABV In Bottles  
3575,Your Price $14.99 each,Corona Extra Lager Mexican Beer Bottles Multipack 4.6% ABV - 12-12 Fl. Oz.,($0.10 / Fl.oz),wine-beer-spirits,"('Corona Extra Lager Mexican Beer Bottles Multipack 4.6% ABV  ', '12-12 Fl. Oz.')",True,12-12 Fl. Oz.,Corona Extra Lager Mexican Beer Bottles Multipack 4.6% ABV  
3576,Your Price $17.99 each,Samuel Adams Game Day Seasonal Variety Pack Beer Bottles Multipack - 12-12 Fl. Oz.,($0.12 / Fl.oz),wine-beer-spirits,"('Samuel Adams Game Day Seasonal Variety Pack Beer Bottles Multipack  ', '12-12 Fl. Oz.')",True,12-12 Fl. Oz.,Samuel Adams Game Day Seasonal Variety Pack Beer Bottles Multipack  
3577,Your Price $7.99 each,Miller High Life Beer American Style Lager 4.6% ABV Bottles - 12-12 Fl. Oz.,($0.06 / Fl.oz),wine-beer-spirits,"('Miller High Life Beer American Style Lager 4.6% ABV Bottles  ', '12-12 Fl. Oz.')",True,12-12 Fl. Oz.,Miller High Life Beer American Style Lager 4.6% ABV Bottles  
3578,Your Price $18.99 each,White Claw Hard Seltzer Surf Variety Pack In Cans - 12-12 Fl. Oz.,($0.13 / Fl.oz),wine-beer-spirits,"('White Claw Hard Seltzer Surf Variety Pack In Cans  ', '12-12 Fl. Oz.')",True,12-12 Fl. Oz.,White Claw Hard Seltzer Surf Variety Pack In Cans  
3579,Your Price $14.99 each,Truly Hard Seltzer Lemonade Variety Pack Spiked & Sparkling Water - 12-12 Fl. Oz.,($0.10 / Fl.oz),wine-beer-spirits,"('Truly Hard Seltzer Lemonade Variety Pack Spiked & Sparkling Water  ', '12-12 Fl. Oz.')",True,12-12 Fl. Oz.,Truly Hard Seltzer Lemonade Variety Pack Spiked & Sparkling Water  
3580,Your Price $16.99 each,Modelo Negra Mexican Amber Lager Beer Bottles 5.4% ABV - 12-12 Fl. Oz.,($0.12 / Fl.oz),wine-beer-spirits,"('Modelo Negra Mexican Amber Lager Beer Bottles 5.4% ABV  ', '12-12 Fl. Oz.')",True,12-12 Fl. Oz.,Modelo Negra Mexican Amber Lager Beer Bottles 5.4% ABV  
3581,Your Price $17.99 each,New Belgium Voodoo Ranger Hoppy Variety Pack Can - 12-12 Fl. Oz.,($0.12 / Fl.oz),wine-beer-spirits,"('New Belgium Voodoo Ranger Hoppy Variety Pack Can  ', '12-12 Fl. Oz.')",True,12-12 Fl. Oz.,New Belgium Voodoo Ranger Hoppy Variety Pack Can  
3582,Your Price $17.99 each,Miller Lite Beer American Style Light Lager 4.2% ABV Cans - 24-12 Fl. Oz.,($0.06 / Fl.oz),wine-beer-spirits,"('Miller Lite Beer American Style Light Lager 4.2% ABV Cans  ', '24-12 Fl. Oz.')",True,24-12 Fl. Oz.,Miller Lite Beer American Style Light Lager 4.2% ABV Cans  
3583,Your Price $32.99 each,Modelo Especial Lager Mexican Beer 4.4% ABV Bottles - 24-12 Fl. Oz.,($0.11 / Fl.oz),wine-beer-spirits,"('Modelo Especial Lager Mexican Beer 4.4% ABV Bottles  ', '24-12 Fl. Oz.')",True,24-12 Fl. Oz.,Modelo Especial Lager Mexican Beer 4.4% ABV Bottles  
3584,Your Price $10.99 each,Blue Moon Belgian White Craft Belgian Style Wheat Ale Beer 5.4% ABV Bottles - 6-12 Fl. Oz.,($0.15 / Fl.oz),wine-beer-spirits,"('Blue Moon Belgian White Craft Belgian Style Wheat Ale Beer 5.4% ABV Bottles  ', '6-12 Fl. Oz.')",True,6-12 Fl. Oz.,Blue Moon Belgian White Craft Belgian Style Wheat Ale Beer 5.4% ABV Bottles  
3585,Your Price $16.99 each,Modelo Especial Lager Mexican Beer 4.4% ABV Bottles - 12-12 Fl. Oz.,($0.12 / Fl.oz),wine-beer-spirits,"('Modelo Especial Lager Mexican Beer 4.4% ABV Bottles  ', '12-12 Fl. Oz.')",True,12-12 Fl. Oz.,Modelo Especial Lager Mexican Beer 4.4% ABV Bottles  
3586,Your Price $17.99 each,Coors Light Beer American Style Light Lager 4.2% ABV Cans - 24-12 Fl. Oz.,($0.06 / Fl.oz),wine-beer-spirits,"('Coors Light Beer American Style Light Lager 4.2% ABV Cans  ', '24-12 Fl. Oz.')",True,24-12 Fl. Oz.,Coors Light Beer American Style Light Lager 4.2% ABV Cans  
3587,Your Price $25.99 each,Modelo Especial Mexican Lager Beer Cans 4.4% ABV - 18-12 Fl. Oz.,($0.12 / Fl.oz),wine-beer-spirits,"('Modelo Especial Mexican Lager Beer Cans 4.4% ABV  ', '18-12 Fl. Oz.')",True,18-12 Fl. Oz.,Modelo Especial Mexican Lager Beer Cans 4.4% ABV  
